=LDR  04198cem a22007213u 4500
=001  004859370
=003  Uk
=005  20230223160343.0
=007  aj\aanzn
=008  940107q1824\\\\enk||||||\a\\||\0\||eng\\
=019  4\$am070578036
=034  1\$aa$b4200$dW0015150$eW0015314$fN0513138$gN0513041$2bound
=040  \\$aUk$beng$cUk$dUk
=042  \\$aukblsr
=082  04$a912.42142$223
=100  1\$aWyld, James,$d1790-1836,$ecartographer.
=245  10$aTo the most noble John, Duke of Bedford. This plan of the united parishes of St. Giles in the Fields & St. George, Bloomsbury, is ... dedicated by ... N. R. Hewitt /$cDrawn by Jas. Wyld ; engraved by N. R. Hewitt.
=255  \\$aScale approximately 1:4,200$c(W 1°51'50"--W 1°53'14"/N 51°31'38"--N 51°30'41").
=260  \\$a[London] :$bN.R. Hewitt, 1 Buckingham Place, Fitzroy Sq.,$c[1824]
=300  \\$a1 map ;$c31 x 41 cm
=336  \\$acartographic image$2rdacontent
=337  \\$aunmediated$2rdamedia
=338  \\$asheet$2rdacarrier
=500  \\$aDate in imprint taken from British map engravers, L. Worms. Nathaniel Rogers Hewitt was located at 1 Buckingham Place, Fitzroy Square between 1815 and 1827.
=500  \\$aIncludes vignette views of St Giles and Bloomsbury churches, view of the College of Surgeons, and inset plan of Chapel & burying ground, near Pancras Old Church.
=500  \\$aNumbered for reference with an index at right centre; boundaries indicated by pecked line.
=510  4\$aCrace, John Gregory, A catalogue of maps, plans and views of London, Westminster and Southwark collected and arranged by Frederick Crace (1878),$cno. 4, p. 104
=510  4\$aWorms, Laurence, Baynton-Williams, Ashley. British map engravers: a dictionary of engravers, lithographers and their principal employers,$bto 1850,$cpp. 316-317 ; pp. 739-740
=520  \\$aThis map is dedicated to the Duke of Bedford as this area was the primary metropolitan estate of the Earls and Dukes of Bedford. Russell was the family name of the Dukes of Bedford, hence Russell Square. Bedford house, built for the 3rd Earl of Bedford in 1586, lay adjacent to Montague house, later to be the British Museum, until 1705-6 when it was demolished. In the lower left hand corner is a vignette of a statue of a Duke of Bedford. A bird's eye view of the British Museum and a view of the College of Surgeons are also included as is a statue of C. J. Fox right hon, the orator.
=650  \0$aParishes$zEngland$zLondon$vMaps.
=651  \0$aBloomsbury (London, England)$vMaps.
=651  \0$aHolborn (London, England)$vMaps.
=651  \0$aSt. Giles in the Fields (London, England)$vMaps.
=651  \0$aSt. Pancras (London, England)$vMaps.
=651  \0$aLondon (England)$vMaps.
=655  \7$aMaps.$2fast$0(OCoLC)fst01423704
=700  1\$aCrace, Frederick,$d1779-1859,$eformer owner.
=700  1\$aCrace, John Gregory,$d1809-1889,$edonor.
=700  1\$aHewitt, Nathaniel Rogers,$dactive 1804-1841,$eengraver,$epublisher.
=852  41$aBritish Library$bMAPS$jMaps Crace Port. 15.4
=856  41$3Copy at Maps Crace Port. 15.4$uhttp://www.bl.uk/onlinegallery/onlineex/crace/t/007zzz000000015u00004000.html$yDigitised map
=985  \\$aUpgraded from BL georeferencer data 2022-11-17.
=985  \\$aRecord amended for WR# 13/070
=985  \\$aRecord amended for WR1606-1727
=985  \\$aUpdated by MS generated file for WR2302-017
=CAT  \\$aCONV$b00$c20040502$lBLL01$h1041
=CAT  \\$aglobal_upd$b40$c20060416$lBLL01$h1808
=CAT  \\$a5100$b40$c20080923$lBLL01$h0749
=CAT  \\$aBATCH$b00$c20091205$lBLL01$h2209
=CAT  \\$a12842$b40$c20130311$lBLL01$h1636
=CAT  \\$a12842$b40$c20130312$lBLL01$h1510
=CAT  \\$aWR13_070$b00$c20130504$lBLL01$h0125
=CAT  \\$aWR13.117$c20130718$lBLL01$h1853
=CAT  \\$a12842$b40$c20131010$lBLL01$h1222
=CAT  \\$aW1606-1727$c20160825$lBLL01$h1742
=CAT  \\$a14185$b40$c20221201$lBLL01$h1153
=CAT  \\$a14185$b40$c20221202$lBLL01$h1323
=CAT  \\$aW2302-0174$c20230223$lBLL01$h1951
=FIN  \\$aY$d20130311
=FMT  \\$a  MP
=LAS  \\$aW2302-0174$b00$c20230223$lBLL01$h1951
=LEO  \\$aMP17.0000067300
=SRC  \\$aMAP01$bbibmp17.200404.2.aa

