=LDR  03772cem a22006853u 4500
=001  004878901
=003  Uk
=005  20230223160350.0
=007  aj\aanzn
=008  940109s1653\\\\enk||||||\a\\||\0\||mul\\
=034  1\$aa$dW0015253$eW0015612$fN0513123$gN0513008$2bound
=040  \\$aUk$beng$cUk$dUk
=041  0\$aeng$alat
=042  \\$aukblsr
=082  04$a912.421$223
=100  1\$aNorden, John,$d1548-1625?.
=245  10$aLondon :$bA guide for cuntrey men in the famous cittey of London by the helpe of wich plot they shall be able to know how far it is to any street. As allso to go unto the same without forder troble. Anno 1653 /$cIoannes Norden Anglus descripsit.
=255  \\$aScale not determined$c(W 1°52'53"--W 1°56'12"/N 51°31'23"--N 51°30'08").
=260  \\$a[London] :$bsold by Peter Stent at ye White horse in Giltspur Streete neere Newgate,$c1653.
=300  \\$a1 map ;$c17 x 21 cm
=336  \\$acartographic image$2rdacontent
=337  \\$aunmediated$2rdamedia
=338  \\$asheet$2rdacarrier
=500  \\$aThis 1593 map is the direct forbear of the modern London A-Z. This copy comes from the 1653 edition of John Norden's 'Speculum Britainiae' (literally: 'Mirror of Britain'), re-issued after Norden's death and sold by Peter Stent of Newgate. Around the edges of the map appear the coats of arms of the twelve most influential and wealthy city guilds: the 'Great Liveries'. Guild members became known as liverymen because they wore a distinctive livery or uniform. At top right is the Merchant Tailors company, which made tents and padded tunics during the middle ages. This is reflected by the tent motif on the coat of arms.
=500  \\$aFrom the 1653 edition of John Norden's Speculum Britainiae.
=510  4\$aCrace, John Gregory, A catalogue of maps, plans and views of London, Westminster and Southwark collected and arranged by Frederick Crace (1878),$bno. 33, p. 5
=510  4\$aHowgego, James. Printed maps of London,$bcirca 1553 - 1850,$cno. 5 (2), p. 46
=651  \0$aLondon (England)$vMaps$vEarly works to 1800.
=655  \7$aEarly maps.$2fast$0(OCoLC)fst01752681
=700  1\$aCrace, Frederick,$d1779-1859,$eformer owner.
=700  1\$aCrace, John Gregory,$d1809-1889,$edonor.
=700  1\$aStent, Peter,$d1640-1667.
=852  41$aBritish Library$bMAPS$jMaps Crace Port. 1.33
=852  41$aBritish Library$bMAPS$jMaps * 3480.(412.)$3[Another copy. Without the additional list of streets and the heading A Guide for Cuntrey men, etc]
=856  41$3Copy at Maps Crace Port. 1.33$uhttp://www.bl.uk/onlinegallery/onlineex/crace/a/007000000000001u00033000.html$yDigitised map
=958  \\$aCRACE PORT I.33.
=958  \\$a3480.(412.)
=985  \\$aUpgraded from georeferencer data 2022-12-16.
=985  \\$aDisaggregated record: Type B
=985  \\$aRecord amended for WR1606-1727
=985  \\$aUpdated by MS generated file for WR2302-017
=CAT  \\$aCONV$b00$c20040502$lBLL01$h1041
=CAT  \\$aglobal_upd$b40$c20060416$lBLL01$h1814
=CAT  \\$aBATCH$b00$c20091205$lBLL01$h2216
=CAT  \\$a12842$b40$c20120504$lBLL01$h1138
=CAT  \\$a12842$b40$c20120504$lBLL01$h1417
=CAT  \\$a12842$b40$c20120508$lBLL01$h1127
=CAT  \\$aWR13.117$c20130718$lBLL01$h1853
=CAT  \\$a12842$b40$c20130905$lBLL01$h1600
=CAT  \\$aW1606-1727$c20160825$lBLL01$h1743
=CAT  \\$aBATCH-UPD$b00$c20160825$lBLL01$h1746
=CAT  \\$aBATCH-UPD$b00$c20170827$lBLL01$h2137
=CAT  \\$a14185$b40$c20221218$lBLL01$h1940
=CAT  \\$a14185$b40$c20221219$lBLL01$h0924
=CAT  \\$aW2302-0174$c20230223$lBLL01$h1951
=FIN  \\$aY$d20120504
=FMT  \\$a  MP
=LAS  \\$aW2302-0174$b00$c20230223$lBLL01$h1951
=LEO  \\$aMP17.0000084963.2
=SRC  \\$aMAP01$bbibmp17.200404.2.aa

