=LDR  03145cem a22006133u 4500
=001  004878906
=003  Uk
=005  20230223160350.0
=007  aj\canzn
=008  940109q1633\\\\ne\||||||\a\\||\0\||eng\\
=019  4\$am090020049
=034  1\$aa$b7000$dW0015305$eW0015602$fN0513130$gN0513003$2bound
=040  \\$aUk$beng$cUk$dUk
=042  \\$aukblsr
=082  04$a912.421$223
=100  1\$aDankerts, Cornelis,$d1603-1656,$eengraver.
=245  14$aThe Cittie of London /$care to be sould at Amsterdam by Cornelis Dankerts grauer of maps.
=255  \\$aScale approximately 1:7,000$c(W 1°53'05"--W 1°56'02"/N 51°31'30"--N 51°30'03").
=260  \\$aAmsterdam :$bCornelis Dankerts,$c[c. 1633]
=300  \\$a1 map :$bhand col. ;$c34 x 44 cm
=336  \\$acartographic image$2rdacontent
=337  \\$aunmediated$2rdamedia
=338  \\$asheet$2rdacarrier
=500  \\$aThis map has been attributed to Augustus Ryther, an engraver who prospered between 1572 and 1592, contributing to Saxton's Atlas of 1579. This plan was produced to satisfy a European market, and contains certain inaccuracies which a native Londoner would not have tolerated. The streets appear very much wider than they were in actuality. Houses are depicted as having large gardens, when these had, in fact, begun to disappear from London two centuries before. The map details the gap at the north end of London Bridge, caused by a fire in 1632.
=500  \\$aAttributed to Augustine Ryther.
=510  4\$aCrace, John Gregory, A catalogue of maps, plans and views of London, Westminster and Southwark collected and arranged by Frederick Crace (1878),$bno. 31, p. 5
=510  4\$aHowgego, James. Printed maps of London,$bcirca 1553 - 1850,$cno. 9 (1), p. 49
=510  4\$aFrench, Josephine, Tooley's dictionary of mapmakers A-D (1999),$bpp. 329-331
=651  \0$aLondon (England)$vMaps$vEarly works to 1800.
=655  \7$aEarly maps.$2fast$0(OCoLC)fst01752681
=700  1\$aCrace, Frederick,$d1779-1859,$eformer owner.
=700  1\$aCrace, John Gregory,$d1809-1889,$edonor.
=700  1\$aRyther, Augustine.
=852  41$aBritish Library$bMAPS$jMaps Crace Port. 1.31
=856  41$3Copy at Maps Crace Port. 1.31$uhttp://www.bl.uk/onlinegallery/onlineex/crace/t/007000000000001u00031000.html$yDigitised map
=985  \\$aUpgraded from georeferencer data 2022-12-16.
=985  \\$a100 NEW
=985  \\$aRecord amended for WR1606-1727
=985  \\$aUpdated by MS generated file for WR2302-017
=CAT  \\$aCONV$b00$c20040502$lBLL01$h1041
=CAT  \\$aglobal_upd$b40$c20060416$lBLL01$h1814
=CAT  \\$aBATCH$b00$c20091205$lBLL01$h2216
=CAT  \\$a12842$b40$c20120503$lBLL01$h1501
=CAT  \\$aWR13.117$c20130718$lBLL01$h1853
=CAT  \\$a12842$b40$c20130905$lBLL01$h1550
=CAT  \\$aW1606-1727$c20160825$lBLL01$h1743
=CAT  \\$a14185$b40$c20221218$lBLL01$h1939
=CAT  \\$a14185$b40$c20221219$lBLL01$h0903
=CAT  \\$aW2302-0174$c20230223$lBLL01$h1951
=FIN  \\$aY$d20120503
=FMT  \\$a  MP
=LAS  \\$aW2302-0174$b00$c20230223$lBLL01$h1951
=LEO  \\$aMP17.0000084967
=SRC  \\$aMAP01$bbibmp17.200404.2.aa

