=LDR  04032cem a22006733u 4500
=001  004878910
=003  Uk
=005  20230223160350.0
=007  aj\aanzn
=008  940109q1654\\\\enk||||||\a\\\\\0\\\eng\\
=019  4\$am090020065
=034  1\$aa$b14700$dW0015130$eW0015734$fN0513132$gN0512947$2bound
=040  \\$aUk$beng$cUk$dUk
=042  \\$aukblsr
=082  04$a912.421$223
=100  1\$aPorter, Thomas,$eengraver.
=245  14$aThe newest & exactest mapp of the most famous citties London and Westminster with their suburbs; and the manner of their streets :$bwith the names of the chiefest of them written at length and numbers set in the rest in sted of names the which names are at length in the table with numbers how to finde them readily so that it is a ready helpe or guide to direct countrey-men and strangers to finde the nearest way from one place to another /$cby T. Poter.
=255  \\$aScale approximately 1:14,700$c(W 1°51'30"--W 1°57'34"/N 51°31'32"--N 51°29'47").
=260  \\$a[London] :$bprinted & sould by Robt. Walton at the Rose & Crowne at the West end of St. Paules,$c[1654]
=300  \\$a1 map ;$c29 x 78 cm
=336  \\$acartographic image$2rdacontent
=337  \\$aunmediated$2rdamedia
=338  \\$asheet$2rdacarrier
=500  \\$aThe arms of the Commonwealth and of the City appear on the upper-left corner of the map, facing the personifications of Justice and Prudence on the upper right. A number key is provided so users can find "the nearest way from one place to another." 'Pecadilly Hall' appears in place of modern Piccadilly. This was a derisive name for the country house built around 1612 by Robert Baker, a tailor with a shop on the Strand. Baker made his fortune by selling "picadils" (a stiff collar popular at Court). By the 18th century, Piccadilly was the name of the whole street.
=500  \\$aAn explanatory table along with a street index top right of map.
=500  \\$aThe buildings represented pictorially.
=500  \\$aLater edition of the map published in c.1670.
=510  4\$aCrace, John Gregory, A catalogue of maps, plans and views of London, Westminster and Southwark collected and arranged by Frederick Crace (1878),$bno. 34, p. 6
=510  4\$aHowgego, James. Printed maps of London,$bcirca 1553 - 1850,$cno. 11 (1), p. 50
=651  \0$aLondon (England)$vMaps$vEarly works to 1800.
=655  \7$aEarly maps.$2fast$0(OCoLC)fst01752681
=700  1\$aCrace, Frederick,$d1779-1859,$eformer owner.
=700  1\$aCrace, John Gregory,$d1809-1889,$edonor.
=775  0\$t[The newest & exactest Mapp of the most famous Citties London and Westminster with their suburbs ... by T. Porter ... A scale of five hundred paces[ = 50 mm]]$w(Uk)MP17.0000084969.1$dLondon: London Topographical Society, 1898
=852  41$aBritish Library$bMAPS$jMaps Crace Port. 1.34.
=856  41$3Copy at Maps Crace Port. 1.34$uhttp://www.bl.uk/onlinegallery/onlineex/crace/t/007000000000001u00034000.html$yDigitised map
=886  2\$2blmarc$a256$b00$bScale of five hundred paces[ = 50 mm]
=958  \\$aCRACE PORT.I.34.
=985  \\$aUpgraded from georeferencer data 2022-12-16.
=985  \\$aDisaggregated record: Type B
=985  \\$a100 NEW
=985  \\$aRecord amended for WR1606-1727
=985  \\$aUpdated by MS generated file for WR2302-017
=CAT  \\$aCONV$b00$c20040502$lBLL01$h1041
=CAT  \\$aglobal_upd$b40$c20060416$lBLL01$h1814
=CAT  \\$aBATCH$b00$c20091205$lBLL01$h2216
=CAT  \\$a12842$b40$c20120504$lBLL01$h1529
=CAT  \\$a12842$b40$c20120508$lBLL01$h1531
=CAT  \\$aWR13.117$c20130718$lBLL01$h1853
=CAT  \\$a12842$b40$c20130905$lBLL01$h1604
=CAT  \\$aW1606-1727$c20160825$lBLL01$h1743
=CAT  \\$a14185$b40$c20221218$lBLL01$h1939
=CAT  \\$a14185$b40$c20221219$lBLL01$h0934
=CAT  \\$aW2302-0174$c20230223$lBLL01$h1951
=FIN  \\$aY$d20120504
=FMT  \\$a  MP
=LAS  \\$aW2302-0174$b00$c20230223$lBLL01$h1951
=LEO  \\$aMP17.0000084969
=SRC  \\$aMAP01$bbibmp17.200404.2.aa

