=LDR  02860cem a22005893u 4500
=001  004878931
=003  Uk
=005  20230223160350.0
=007  aj\aanzn
=008  130904q1720\\\\enk||||||\a\\\\\0\\\eng|\
=034  1\$aa$b3600$dW0000926$eW0000153$fN0513144$gN0512934$2bound
=040  \\$aUk$beng$cUk$dUk$erda
=042  \\$aukblsr
=082  04$a912.421$223
=100  1\$aMorgan, William,$d-1690,$ecartographer.
=245  10$aLONDON &.C. ACCURATELY SURVEY'D /$cBy ROB. MORDEN & PHILIP LEA.
=255  \\$aScale approximately 1:3,600$c(W 0°09'26"--W 0°01'53"/N 51°31'44"--N 51°29'34").
=264  \1$a[London] :$bROB. MORDEN & PHILIP LEA,$c[about 1720]
=300  \\$a1 map on 13 sheets ;$c123 x 234 cm, sheets 53 x 61 cm or smaller
=336  \\$acartographic image$2rdacontent
=337  \\$aunmediated$2rdamedia
=338  \\$asheet$2rdacarrier
=500  \\$aContains dedication to King William & Queen Mary from Robert Morden and Philip Lea.
=500  \\$aDate in imprint from Printed maps of London, J. Howgego.
=500  \\$aThird edition with views along the top margin: Part of Somerset House and Garden ; Royal Coat of Arms ; Portraits of King William and Queen Mary ; City of London Coat of Arms ; Mercers Chappel.
=500  \\$aIncludes an explanation note and indexes at the lower portion of map.
=510  4\$aCrace, John Gregory, A catalogue of maps, plans and views of London, Westminster and Southwark collected and arranged by Frederick Crace (1878),$cnumber 60, page 11
=510  4\$aHowgego, James. Printed maps of London,$bcirca 1553-1850,$cnumber 33 (3), pages 62-64
=651  \0$aLondon (England)$vMaps$vEarly works to 1800.
=655  \7$aEarly maps.$2fast$0(OCoLC)fst01752681
=700  1\$aCrace, Frederick,$d1779-1859,$eformer owner.
=700  1\$aCrace, John Gregory,$d1809-1889,$edonor.
=700  1\$aMorden, Robert,$dapproximately 1650-1703.
=700  1\$aLea, Philip,$dactive 1683-1700.
=852  41$aBritish Library$bMAPS$jMaps Crace Port. 2.60
=856  41$3Copy at Maps Crace Port. 2.60$uhttp://www.bl.uk/onlinegallery/onlineex/crace/other/007000000000002u00060000.html$yDigitised map
=958  \\$aCRACE PORT.II.60.
=985  \\$aDisaggregated record: Type B
=985  \\$aRecord amended for WR1606-1727
=985  \\$aUpdated by MS generated file for WR2302-017
=CAT  \\$aCONV$b00$c20040502$lBLL01$h1041
=CAT  \\$aglobal_upd$b40$c20060416$lBLL01$h1814
=CAT  \\$aBATCH$b00$c20091205$lBLL01$h2216
=CAT  \\$a12842$b40$c20130906$lBLL01$h1751
=CAT  \\$a12819$b40$c20131213$lBLL01$h1731
=CAT  \\$aBATCH-UPD$b40$c20140523$lBLL01$h2118
=CAT  \\$aW1606-1727$c20160825$lBLL01$h1743
=CAT  \\$aW2302-0174$c20230223$lBLL01$h1951
=FIN  \\$aY$d20130906
=FMT  \\$a  MP
=LAS  \\$aW2302-0174$b00$c20230223$lBLL01$h1951
=SRC  \\$aMAP01$bbibmp17.200404.2.aa

