=LDR  04519cem a22008053u 4500
=001  004878971
=003  Uk
=005  20230223160350.0
=007  aj\aanzn
=008  940109s1755\\\\enk||||||\a\\||\1\||eng\\
=019  4\$am090026020
=034  1\$aa$dW0015015$eW0015816$fN0513145$gN0512912$2bound
=040  \\$aUk$beng$cUk$dUk
=042  \\$aukblsr
=082  04$a912.421$223
=100  1\$aRocque, John,$d-1762.
=245  12$aA plan of the cities of London and Westminster, the Borough of Southwark and the contiguous buildings :$bwith all the new roads that have been made on account of Westminster Bridge, and the new buildings and the alterations to the present year MDCCLV /$cengraved from an actual survey made by John Rocque ; Rd. Benning engraved the plan ; R. W. Seale engraved the letters.
=255  \\$aScale not determined$c(W 1°50'15"--W 1°58'16"/N 51°31'45"--N 51°29'12").
=260  \\$aLondon :$bpublished by John Pine, Thomas Bowles & John Tinney,$c1755.
=300  \\$a1 map on 8 sheets ;$c49 x 47 cm, sheets 64 x 55 cm
=336  \\$acartographic image$2rdacontent
=337  \\$aunmediated$2rdamedia
=338  \\$asheet$2rdacarrier
=500  \\$aThis map of London in eight sheets is enclosed by a decorative border and features title along the top, with scale bars, reference table and advertisement along the bottom. The advertisement states that the map is bases on Rocque's map of 1747, with the addition of all the new buildings, Westminster Bridge and the approach roads to the bridge.
=500  \\$aLater ed. published in 1775.
=500  \\$aThe advertisement states that this map was based on map by J. Rocque published in 1747 but was 'improved by the addition of all the new roads made on account of Westminster Bridge, & all the new buildings and alterations made since'.
=500  \\$aMap is divided into squares and ornamental borders lettered and numbered in the same way as the larger plan so that the index can be used for both.
=500  \\$aIncludes table to public buildings bottom margin.
=510  4\$aCrace, John Gregory, A catalogue of maps, plans and views of London, Westminster and Southwark collected and arranged by Frederick Crace (1878),$cno. 107, p. 22
=510  4\$aHowgego, James. Printed maps of London,$bcirca 1553 - 1850,$cno. 103 (1), pp. 101-102
=510  4\$aWorms, Laurence, Baynton-Williams, Ashley. British Map Engravers. A dictionary of engravers, lithographers and their principal employers,$bto 1850,$cpp. 70-71
=651  \0$aLondon (England)$vMaps$vEarly works to 1800.
=655  \7$aEarly maps.$2fast$0(OCoLC)fst01752681
=700  1\$aCrace, Frederick,$d1779-1859,$eformer owner.
=700  1\$aCrace, John Gregory,$d1809-1889,$edonor.
=700  1\$aPine, John,$d1690-1756,$epublisher.
=700  1\$aSeale, Richard William,$eengraver.
=700  1\$aBenning, Richard,$dactive 1743-1781,$eengraver.
=700  1\$aBowles, Thomas,$d-1767.$tpublisher.
=700  1\$aTinney, John,$d1706?-1761,$epublisher.
=852  41$aBritish Library$bMAPS$jMaps Crace Port. 3.107
=856  41$3Copy at Maps Crace Port. 3.107$uhttp://www.bl.uk/onlinegallery/onlineex/crace/a/007000000000003u00107000.html$yDigitised map
=886  2\$2blmarc$a256$b00$bA scale of 440 yards[ = 82 mm]
=985  \\$aUpgraded from georeferencer data 2022-12-16.
=985  \\$a700 NEW
=985  \\$aCorrected by BSS-generated file
=985  \\$aRecord amended for WR# 13/070
=985  \\$aRecord amended for WR1606-1727
=985  \\$aUpdated by MS generated file for WR2302-017
=CAT  \\$aCONV$b00$c20040502$lBLL01$h1041
=CAT  \\$aglobal_upd$b40$c20060416$lBLL01$h1814
=CAT  \\$aBLSS-CORR$b00$c20080705$lBLL01$h2102
=CAT  \\$aBATCH$b00$c20091205$lBLL01$h2216
=CAT  \\$a12842$b40$c20120619$lBLL01$h1120
=CAT  \\$aWR13_070$b00$c20130504$lBLL01$h0125
=CAT  \\$aBATCH-UPD$b00$c20130507$lBLL01$h0458
=CAT  \\$aWR13_070C$c20130611$lBLL01$h1847
=CAT  \\$aWR13.117$c20130718$lBLL01$h1853
=CAT  \\$a12842$b40$c20130911$lBLL01$h1712
=CAT  \\$aBATCH-UPD$b40$c20140208$lBLL01$h0006
=CAT  \\$aBATCH-UPD$b40$c20141221$lBLL01$h2346
=CAT  \\$aW1606-1727$c20160825$lBLL01$h1742
=CAT  \\$a14185$b40$c20221218$lBLL01$h1939
=CAT  \\$a14185$b40$c20221219$lBLL01$h0859
=CAT  \\$aW2302-0174$c20230223$lBLL01$h1951
=FIN  \\$aY$d20120619
=FMT  \\$a  MP
=LAS  \\$aW2302-0174$b00$c20230223$lBLL01$h1951
=LEO  \\$aMP17.0000085012
=SRC  \\$aMAP01$bbibmp17.200404.2.aa

