=LDR  03357cem a22006013u 4500
=001  004878975
=003  Uk
=005  20230223160350.0
=007  aj\canzn
=008  940109s1764\\\\enk||||||\a\\||\0\||eng\\
=034  1\$aa$dW0015022$eW0015717$fN0513157$gN0512920$2bound
=040  \\$aUk$beng$cUk$dUk
=042  \\$aukblsr
=082  04$a912.421$223
=245  04$aThe city guide or a pocket plan of London, Westminster and Southwark :$bwith the new buildings to the year 1764.
=255  \\$aScale not determined$c(W 1°50'22"--W 1°57'17"/N 51°31'57"--N 51°29'20").
=260  \\$a[London :$bprinted for Henry Parker],$c1764.
=300  \\$a1 map :$bhand col. ;$c29 x 51 cm
=336  \\$acartographic image$2rdacontent
=337  \\$aunmediated$2rdamedia
=338  \\$asheet$2rdacarrier
=500  \\$aThis pocket map of London based on Rocque's map of 1748. The title appears along the top, with the built-up area in the City of London described by stippling, and other built-up areas by crosshatching. The city boundaries are outlined in colour. The map shows the proposed new bridge at Blackfriars, but not the approaches. Designed by Robert Mylne, this third bridge to span the Thames was built between 1760 and 69. The nine semi-elliptical Portland-stone arches were replaced from 1860 to 69 by Cubitt and Carr's present structure of five wrought-iron arches faced with cast iron and a granite pier.
=500  \\$aImprint taken from A catalogue of maps, plans and views of London, Westminster and Southwark collected and arranged by Frederick Crace, 1878.
=500  \\$aSimilar to map printed in 1761 by John Bowles but from is from different plate.
=500  \\$aRiver and City boundary outlined in colour. Built-up areas stippled in City, hatched elsewhere.
=510  4\$aCrace, John Gregory, A catalogue of maps, plans and views of London, Westminster and Southwark collected and arranged by Frederick Crace (1878),$cno. 124, p. 25
=651  \0$aLondon (England)$vMaps$vEarly works to 1800.
=655  \7$aEarly maps.$2fast$0(OCoLC)fst01752681
=700  1\$aCrace, Frederick,$d1779-1859,$eformer owner.
=700  1\$aCrace, John Gregory,$d1809-1889,$edonor.
=852  41$aBritish Library$bMAPS$jMaps Crace Port. 4.124
=856  41$3Copy at Maps Crace Port. 4.124$uhttp://www.bl.uk/onlinegallery/onlineex/crace/t/007zzz000000004u00124000.html$yDigitised map
=958  \\$aCRACE PORT.IV.124.
=985  \\$aUpgraded from georeferencer data 2022-12-16.
=985  \\$aCorrected by BSS-generated file
=985  \\$aRecord amended for WR1606-1727
=985  \\$aUpdated by MS generated file for WR2302-017
=CAT  \\$aCONV$b00$c20040502$lBLL01$h1041
=CAT  \\$aglobal_upd$b40$c20060416$lBLL01$h1814
=CAT  \\$aBLSS-CORR$b00$c20080705$lBLL01$h2054
=CAT  \\$aBLSS-CORR9$c20090508$lBLL01$h1636
=CAT  \\$aBATCH$b00$c20091205$lBLL01$h2216
=CAT  \\$a12842$b40$c20120717$lBLL01$h1028
=CAT  \\$aWR13.117$c20130718$lBLL01$h1854
=CAT  \\$a12842$b40$c20130912$lBLL01$h1316
=CAT  \\$aW1606-1727$c20160825$lBLL01$h1742
=CAT  \\$a14185$b40$c20221218$lBLL01$h1939
=CAT  \\$a14185$b40$c20221219$lBLL01$h0851
=CAT  \\$aW2302-0174$c20230223$lBLL01$h1951
=FIN  \\$aY$d20120717
=FMT  \\$a  MP
=LAS  \\$aW2302-0174$b00$c20230223$lBLL01$h1951
=SRC  \\$aMAP01$bbibmp17.200404.2.aa

