=LDR  04352cem a22007573u 4500
=001  004878976
=003  Uk
=005  20230223160350.0
=007  aj\aanzn
=008  940109s1765\\\\enk||||||\a\\||\0\||eng\\
=034  1\$aa$dW0015022$eW0015719$fN0513158$gN0512918$2bound
=040  \\$aUk$beng$cUk$dUk
=042  \\$aukblsr
=082  04$a912.421$223
=100  1\$aBowles, John,$d1701-1779.
=245  14$aThe city guide or a pocket plan of London, Westminster and Southwark :$bwith the new buildings to the year 1765 /$cby J. Bayly, Geogr.
=255  \\$aScale not determined$c(W 1°50'22"--W 1°57'19"/N 51°31'58"--N 51°29'18").
=260  \\$aLondon :$bprinted for John Bowles at the Black Horse in Cornhil, and Carington Bowles, next the Chapter House in St. Pauls Church Yard,$c1765.
=300  \\$a1 map ;$c30 x 52 cm
=336  \\$acartographic image$2rdacontent
=337  \\$aunmediated$2rdamedia
=338  \\$asheet$2rdacarrier
=500  \\$aThe title of this pocket map runs along the top, with the publisher's imprint below the plan. Built-up areas in the City of London are represented by stippling, and by crosshatching outside the city. The map is a later edition Bowles' 1761 plan, with the addition of Queen Anne's Square and Portman Square in Marylebone and the new bridge and approaches at Blackfriars. Designed by Robert Mylne, this third bridge spanning the Thames was built between 1760 and 69. The nine semi-elliptical Portland-stone arches were replaced from 1860 to 69 by the present structure of five wrought-iron arches, each faced with cast iron, and a granite pier designed by Carr and Cubbitt.
=500  \\$a3rd. ed.; first published in 1761, later ed. published in 1764 and 1765 (this state).
=500  \\$aQueen Anne's Square and Portman Square added. Built-up areas stippled in City, hatched elsewhere.
=510  4\$aCrace, John Gregory, A catalogue of maps, plans and views of London, Westminster and Southwark collected and arranged by Frederick Crace (1878),$cno. 125, p. 25
=510  4\$aHowgego, James. Printed maps of London,$bcirca 1553-1850,$cno. 117 (3), p. 109
=510  4\$aWorms, Laurence, Baynton-Williams, Ashley. British Map Engravers. A dictionary of engravers, lithographers and their principal employers,$bto 1850,$cpp. 60-61
=651  \0$aLondon (England)$vMaps$vEarly works to 1800.
=655  \7$aEarly maps.$2fast$0(OCoLC)fst01752681
=700  1\$aBayly, John$c(Printmaker)
=700  1\$aBowles, Carington,$d1724-1793.
=700  1\$aCrace, Frederick,$d1779-1859,$eformer owner.
=700  1\$aCrace, John Gregory,$d1809-1889,$edonor.
=787  0\$tThe City Guide, or a Pocket Plan of London, Westminster and Southwark with the new buildings to ... 1761. By J. Bayly$w(Uk)MP17.0000085015$dLondon: T. Bowles, J. Bowles & Son, 1761
=852  41$aBritish Library$bMAPS$jMaps Crace Port. 4.125
=856  41$3Copy at Maps Crace Port. 4.125$uhttp://www.bl.uk/onlinegallery/onlineex/crace/t/007zzz000000004u00125000.html$yDigitised map
=958  \\$aCRACE PORT.IV.125.
=985  \\$aUpgraded from georeferencer data 2022-12-16.
=985  \\$aCorrected by BSS-generated file
=985  \\$aDisaggregated record: Type B
=985  \\$aRecord amended for WR# 13/070
=985  \\$aRecord amended for WR1606-1727
=985  \\$aUpdated by MS generated file for WR2302-017
=CAT  \\$aCONV$b00$c20040502$lBLL01$h1041
=CAT  \\$aglobal_upd$b40$c20060416$lBLL01$h1814
=CAT  \\$aBLSS-CORR$b00$c20080705$lBLL01$h2054
=CAT  \\$aBLSS-CORR9$c20090508$lBLL01$h1636
=CAT  \\$aBATCH$b00$c20091205$lBLL01$h2216
=CAT  \\$a12842$b40$c20120622$lBLL01$h1706
=CAT  \\$aWR13_070$b00$c20130504$lBLL01$h0125
=CAT  \\$aWR13_070C$c20130611$lBLL01$h1847
=CAT  \\$aWR13.117$c20130718$lBLL01$h1854
=CAT  \\$a12842$b40$c20130912$lBLL01$h1321
=CAT  \\$a12842$b40$c20130913$lBLL01$h1128
=CAT  \\$a7416$b40$c20140124$lBLL01$h1440
=CAT  \\$a7416$b40$c20140127$lBLL01$h1459
=CAT  \\$aW1606-1727$c20160825$lBLL01$h1742
=CAT  \\$a14185$b40$c20221218$lBLL01$h1939
=CAT  \\$a14185$b40$c20221219$lBLL01$h0925
=CAT  \\$aW2302-0174$c20230223$lBLL01$h1951
=FIN  \\$aY$d20120622
=FMT  \\$a  MP
=LAS  \\$aW2302-0174$b00$c20230223$lBLL01$h1951
=LEO  \\$aMP17.0000085015.2
=SRC  \\$aMAP01$bbibmp17.200404.2.aa

