=LDR  04801cem a22007573u 4500
=001  004878986
=003  Uk
=005  20230223160350.0
=007  aj\canzn
=008  120704s1789\\\\enk||||||\a\\\\\0\\\eng|\
=034  1\$aa$dW0015036$eW0015829$fN0513205$gN0512918$2bound
=040  \\$aUk$beng$cUk$dUk
=042  \\$aukblsr
=082  04$a912.421$223
=100  1\$aDicey, Cluer,$d1714-1775.
=245  12$aA new & accurate plan of the cities of London & Westminster & borough of Southwark :$bwith the new roads & new buildings to the present year 1789 from a late surevey. To which is added many useful tablets, views, &c. &c.
=255  \\$aScale not determined$c(W 1°50'36"--W 1°58'29"/N 51°32'05"--N 51°29'18").
=260  \\$aLondon :$bprinted and sold by I. Marshall and Co. in Aldermary Church Yard,$c1789.
=300  \\$a1 map :$bhand col. ;$c56 x 104 cm
=336  \\$acartographic image$2rdacontent
=337  \\$aunmediated$2rdamedia
=338  \\$asheet$2rdacarrier
=500  \\$aThis is the sixth edition of a map first published in 1765. It includes views of London landmarks, such as St James's Palace and St Paul's Cathedral, and the arms of the 12 principal City Companies. Dicey was a map seller rather than a cartographer and much of his work is derivative or reissued from earlier plates. This map states that it is printed according to an "Act of Parliament". This makes reference to the Act passed in 1734 to curb the practice of unacknowledged copying. Thereafter, anyone who breached the new 14-year copyright period would have to hand over their derivative plates to the master of the original, paying 5 shillings for each offending print on the premises.
=500  \\$aFirst printed in 1765 by C. Dicey; later ed. published in 1772, 1776, 1780, 1782 with I. Marshall's imprint, 1789 (this state), 1798 and 1803.
=500  \\$aArms of the twelve City livery companies bottom right.
=500  \\$aIncludes 6 insets: A prospect of the Royal Palace at St. James's; A front prospect of the Queens Palace; The Monument; The south west prospect of St Paul's Cathedral; A view of the cities of London & Westminster; A front view of Westminster Abbey.
=500  \\$aTable of wards and parishes bottom left.
=500  \\$aBuilt-up areas stippled in City, hatched elsewhere.
=500  \\$aSome buildings and shipping on the river shown pictorially.
=500  \\$aBoundaries of wards coloured.
=510  4\$aCrace, John Gregory, A catalogue of maps, plans and views of London, Westminster and Southwark collected and arranged by Frederick Crace (1878),$cno. 163, p. 31
=510  4\$aHowgego, James. Printed maps of London,$bcirca 1553-1850,$cno. 133 (6), pp. 115-116
=510  4\$aWorms, Laurence, Baynton-Williams, Ashley. British map engravers: a dictionary of engravers, lithographers and their principal employers,$bto 1850,$cp. 195, pp. 435-436
=651  \0$aLondon (England)$vMaps$vEarly works to 1800.
=655  \7$aEarly maps.$2fast$0(OCoLC)fst01752681
=700  1\$aCrace, Frederick,$d1779-1859,$eformer owner.
=700  1\$aCrace, John Gregory,$d1809-1889,$edonor.
=710  2\$aJohn Marshall and Co. (Booksellers : London, England)
=787  0\$tA new & accurate Plan of the Cities of London & Westminster & Borough of Southwark; with the new Roads & new Buildings to the present Year 1765, from a late Survey: to which is added many useful Tables & Views, etc$w(Uk)MP17.0000085021$dLondon: C. Dicey & Co., 1765
=852  41$aBritish Library$bMAPS$jMaps Crace Port. 5.163
=856  41$3Copy at Maps Crace Port. 5.163$uhttp://www.bl.uk/onlinegallery/onlineex/crace/a/007000000000005u00163000.html$yDigitised map
=958  \\$aCRACE PORT.V.163.
=985  \\$aUpgraded from georeferencer data 2022-12-16.
=985  \\$aCorrected by BSS-generated file
=985  \\$aDisaggregated record: Type B
=985  \\$a100 & 700=NEW
=985  \\$aRecord amended for WR1606-1727
=985  \\$aUpdated by MS generated file for WR2302-017
=CAT  \\$aCONV$b00$c20040502$lBLL01$h1041
=CAT  \\$aglobal_upd$b40$c20060416$lBLL01$h1814
=CAT  \\$aBLSS-CORR$b00$c20080705$lBLL01$h1812
=CAT  \\$aBLSS-CORR9$c20090508$lBLL01$h1635
=CAT  \\$aBATCH$b00$c20091205$lBLL01$h2216
=CAT  \\$a12842$b40$c20120704$lBLL01$h1319
=CAT  \\$aWR13.117$c20130718$lBLL01$h1854
=CAT  \\$a12842$b40$c20131002$lBLL01$h1033
=CAT  \\$a12121$b40$c20150326$lBLL01$h1037
=CAT  \\$aW1606-1727$c20160825$lBLL01$h1742
=CAT  \\$a14185$b40$c20221218$lBLL01$h1939
=CAT  \\$a14185$b40$c20221219$lBLL01$h0905
=CAT  \\$aW2302-0174$c20230223$lBLL01$h1951
=FIN  \\$aY$d20120704
=FMT  \\$a  MP
=LAS  \\$aW2302-0174$b00$c20230223$lBLL01$h1951
=LEO  \\$aMP17.0000085021.2
=SRC  \\$aMAP01$bbibmp17.200404.2.aa

