=LDR  04025cem a22006373u 4500
=001  004878994
=003  Uk
=005  20230223160350.0
=007  aj\aanzn
=008  120702s1780\\\\enk||||||\a\\\\\0\\\eng|\
=034  1\$aa$dW0015002$eW0015729$fN0513154$gN0512936$2bound
=040  \\$aUk$beng$cUk$dUk
=042  \\$aukblsr
=082  04$a912.421$223
=100  1\$aBowles, Carington,$d1724-1793.
=245  10$aBowles's new pocket plan of the cities of London & Westminster; with the borough of Southwark :$bcomprehending the new buildings and other alterations to the year 1780.
=255  \\$aScale not determined$c(W 1°50'02"--W 1°57'29"/N 51°31'54"--N 51°29'36").
=260  \\$aLondon :$bprinted for the propiertor Carington Bowles, No. 69 in St. Pauls Church Yard,$cJan. 6th 1780.
=300  \\$a1 map ;$c45 x 91 cm
=336  \\$acartographic image$2rdacontent
=337  \\$aunmediated$2rdamedia
=338  \\$asheet$2rdacarrier
=500  \\$aThis map was printed for Caringtom Bowles who traded from a St. Paul's churchyard. The Bowles family were not cartographers but published and sold maps. This is the fourth edition of a map originally issued in 1773. The title is at top left, next to a list of parishes, with a key to Great Offices of State and Westminster parishes down the left of the plate. The border of the map is marked off in miles and furlongs. There is no discernible difference between this edition and the previous ones.
=500  \\$a5th ed.; first published in 1770 as The traveller's guide through London, Westminster and borough of Southwark: with their liberties: A.D. 1770. Later ed. with title altered to Bowles's new pocket plan of the cities of London & Westminster; with the borough of Southwark published in 1775, 1777, 1780 (this state), 1780, 1782, 1788, 1789, 1790, 1791 and 1794.
=500  \\$aWith table of parishes and reference to the Great Offices of State.
=500  \\$aBorder graduated in miles and furlongs.
=510  4\$aCrace, John Gregory, A catalogue of maps, plans and views of London, Westminster and Southwark collected and arranged by Frederick Crace (1878),$cno. 150, p. 29
=510  4\$aHowgego, James. Printed maps of London,$bcirca 1553-1850,$cno. 147a (5), pp. 122-123
=510  4\$aWorms, Laurence, Baynton-Williams, Ashley. British Map Engravers. A dictionary of engravers, lithographers and their principal employers,$bto 1850,$cpp. 101-102
=651  \0$aLondon (England)$vMaps$vEarly works to 1800.
=655  \7$aEarly maps.$2fast$0(OCoLC)fst01752681
=700  1\$aCrace, Frederick,$d1779-1859,$eformer owner.
=700  1\$aCrace, John Gregory,$d1809-1889,$edonor.
=787  0\$tBowles's New Pocket Plan of the Cities of London and Westminster, with the Borough of Southwark, comprehending the new buildings and other alterations to the year 1775. Scale of half a mile[ = 84 mm]$w(Uk)MP17.0000085027$dLondon: Carington Bowles, 1775
=852  41$aBritish Library$bMAPS$jMaps Crace Port. 5.150
=856  41$3Copy at Maps Crace Port. 5.150$uhttp://www.bl.uk/onlinegallery/onlineex/crace/b/007000000000005u00150000.html$yDigitised map
=958  \\$aCRACE PORT.V.150.
=985  \\$aUpgraded from georeferencer data 2022-12-16.
=985  \\$aDisaggregated record: Type B
=985  \\$aRecord amended for WR1606-1727
=985  \\$aUpdated by MS generated file for WR2302-017
=CAT  \\$aCONV$b00$c20040502$lBLL01$h1041
=CAT  \\$aglobal_upd$b40$c20060416$lBLL01$h1814
=CAT  \\$aBATCH$b00$c20091205$lBLL01$h2216
=CAT  \\$a12842$b40$c20120702$lBLL01$h1610
=CAT  \\$aWR13.117$c20130718$lBLL01$h1854
=CAT  \\$a12842$b40$c20131002$lBLL01$h1739
=CAT  \\$aW1606-1727$c20160825$lBLL01$h1742
=CAT  \\$a14185$b40$c20221218$lBLL01$h1939
=CAT  \\$a14185$b40$c20221219$lBLL01$h0854
=CAT  \\$aW2302-0174$c20230223$lBLL01$h1951
=FIN  \\$aY$d20120702
=FMT  \\$a  MP
=LAS  \\$aW2302-0174$b00$c20230223$lBLL01$h1951
=LEO  \\$aMP17.0000085027.1
=SRC  \\$aMAP01$bbibmp17.200404.2.aa

