=LDR  04069cem a22007093u 4500
=001  004878997
=003  Uk
=005  20230223160350.0
=007  aj\aanzn
=008  040502s1781\\\\enk||||||\a\\\\\1\\\eng|\
=034  1\$aa$dW0015019$eW0015712$fN0513207$gN0512918$2bound
=040  \\$aUk$beng$cUk$dUk
=042  \\$aukblsr
=082  04$a912.421$223
=100  1\$aSayer, Robert,$d1725-1794.
=245  14$aThe London directory, or a new & improved plan of London, Westminster & Southwark :$bwith the adjacent country, the new buildings, the new roads and the late alterations by opening of new streets, & widening of others, 1781.
=255  \\$aScale not determined$c(W 1°50'19"--W 1°57'12"/N 51°32'07"--N 51°29'18").
=260  \\$a[London],$c1781.
=300  \\$a1 map ;$c31 x 51 cm
=336  \\$acartographic image$2rdacontent
=337  \\$aunmediated$2rdamedia
=338  \\$asheet$2rdacarrier
=500  \\$aRobert Laurie was a fine mezzotint engraver and regular exhibitor at the Society of Artists in the 1770s. He acquired the stock of surveyor John Sayer's in 1794 and, in partnership with James Whittle, founded the map publishing firm Laurie & Whittle. This map is very similar to the 1765 map by Robert Sayer and is probably from the same plate. Blackfriars Bridge is shown along with its proposed approaches.
=500  \\$a6th ed.; first printed ca. 1765. Later published in 1775, 1776 with J. Bannett's name added to imprint, 1778, 1779, 1780, 1781 (this state), 1783, 1785, 1786 J. Bannett's name omitted from imprint, 1787, 1788, 1789, 1790 and 1792.
=500  \\$aTable of references to churches and public buildings bottom portion of plate.
=500  \\$aBlackfriars Bridge and approaches shown. Margin marked off in half miles and lettered for reference.
=500  \\$aBuilt-up areas stippled in City, hatched elsewhere.
=500  \\$aCity boundary outlined in colour.
=510  4\$aCrace, John Gregory, A catalogue of maps, plans and views of London, Westminster and Southwark collected and arranged by Frederick Crace (1878),$cno. 152, p. 29
=510  4\$aHowgego, James. Printed maps of London,$bcirca 1553-1850,$cno. 138 (6), pp. 118-119
=510  4\$aWorms, Laurence, Baynton-Williams, Ashley. British Map Engravers. A dictionary of engravers, lithographers and their principal employers,$bto 1850,$cpp. 585-588
=651  \0$aLondon (England)$vMaps$vEarly works to 1800.
=655  \7$aEarly maps.$2fast$0(OCoLC)fst01752681
=700  1\$aCrace, Frederick,$d1779-1859,$eformer owner.
=700  1\$aCrace, John Gregory,$d1809-1889,$edonor.
=787  0\$tThe London Directory, or a new & improved Plan of London, Westminster & Southwark ... Scale of half a mile[ = 50 mm]$w(Uk)MP17.0000085028$dLondon: R. Sayer, 1775
=852  41$aBritish Library$bMAPS$jMaps Crace Port. 5.152
=856  41$3Copy at Maps Crace Port. 5.152$uhttp://www.bl.uk/onlinegallery/onlineex/crace/t/007zzz000000005u00152000.html$yDigitised map
=958  \\$aCRACE PORT.V.152.
=985  \\$aUpgraded from georeferencer data 2022-12-16.
=985  \\$aCorrected by BSS-generated file
=985  \\$aDisaggregated record: Type B
=985  \\$aRecord amended for WR1606-1727
=985  \\$aUpdated by MS generated file for WR2302-017
=CAT  \\$aCONV$b00$c20040502$lBLL01$h1041
=CAT  \\$aglobal_upd$b40$c20060416$lBLL01$h1814
=CAT  \\$aBLSS-CORR$b00$c20080705$lBLL01$h2054
=CAT  \\$aBLSS-CORR9$c20090508$lBLL01$h1636
=CAT  \\$aBATCH$b00$c20091205$lBLL01$h2216
=CAT  \\$a12842$b40$c20120702$lBLL01$h1809
=CAT  \\$a12842$b40$c20120702$lBLL01$h1821
=CAT  \\$aWR13.117$c20130718$lBLL01$h1854
=CAT  \\$a12842$b40$c20131002$lBLL01$h0957
=CAT  \\$aW1606-1727$c20160825$lBLL01$h1742
=CAT  \\$a14185$b40$c20221218$lBLL01$h1939
=CAT  \\$a14185$b40$c20221219$lBLL01$h0936
=CAT  \\$aW2302-0174$c20230223$lBLL01$h1951
=FIN  \\$aY$d20120702
=FMT  \\$a  MP
=LAS  \\$aW2302-0174$b00$c20230223$lBLL01$h1951
=LEO  \\$aMP17.0000085028.2
=SRC  \\$aMAP01$bbibmp17.200404.2.aa

