=LDR  04149cem a22007573u 4500
=001  004878999
=003  Uk
=005  20230223160350.0
=007  aj\aanzn
=008  040502s1785\\\\enk||||||\a\\\\\1\\\eng|\
=034  1\$aa$dW0015016$eW0015715$fN0513209$gN0512917$2bound
=040  \\$aUk$beng$cUk$dUk
=042  \\$aukblsr
=082  04$a912.421$223
=100  1\$aSayer, Robert,$d1725-1794.
=245  14$aThe London directory, or a new & improved plan of London, Westminster & Southwark :$bwith the adjacent country, the new buildings, the new roads and the late alterations by opening of new streets, & widening of others, 1785.
=255  \\$aScale not determined$c(W 1°50'16"--W 1°57'15"/N 51°32'09"--N 51°29'17").
=260  \\$a[London] :$bprinted for Robt. Sayer & J. Bennett, map & printsellers, No. 53 Fleet Street,$c1785.
=300  \\$a1 map ;$c31 x 51 cm
=336  \\$acartographic image$2rdacontent
=337  \\$aunmediated$2rdamedia
=338  \\$asheet$2rdacarrier
=500  \\$aThis is the eighth edition of the an original 1765 Sayer map. Bennett's name was added to the imprint of the third edition of the map, published in 1776. The two men were in partnership between 1770 and 1787. Their business was taken over by Laurie and Whittle in 1792.
=500  \\$a8th ed.; first printed ca. 1765. Later published in 1775, 1776 with J. Bannett's name added to imprint, 1778, 1779, 1780, 1781, 1783, 1785 (this state), 1786 J. Bannett's name omitted from imprint, 1787, 1788, 1789, 1790 and 1792.
=500  \\$aTable of references to churches and public buildings bottom portion of plate.
=500  \\$aMargin marked off in half miles and lettered for reference.
=500  \\$aBuilt-up areas stippled in City, hatched elsewhere.
=500  \\$aCity boundary outlined in colour.
=510  4\$aCrace, John Gregory, A catalogue of maps, plans and views of London, Westminster and Southwark collected and arranged by Frederick Crace (1878),$cno. 157, p. 30
=510  4\$aHowgego, James. Printed maps of London,$bcirca 1553-1850,$cno. 138 (8), pp. 118-119
=510  4\$aWorms, Laurence, Baynton-Williams, Ashley. British Map Engravers. A dictionary of engravers, lithographers and their principal employers,$bto 1850,$cp. 69; pp. 585-588
=651  \0$aLondon (England)$vMaps$vEarly works to 1800.
=655  \7$aEarly maps.$2fast$0(OCoLC)fst01752681
=700  1\$aBennett, John,$dactive 1774-1783.
=700  1\$aCrace, Frederick,$d1779-1859,$eformer owner.
=700  1\$aCrace, John Gregory,$d1809-1889,$edonor.
=787  0\$tThe London Directory, or a new & improved Plan of London, Westminster & Southwark ... Scale of half a mile[ = 50 mm]$w(Uk)MP17.0000085028$dLondon: R. Sayer, 1775
=852  41$aBritish Library$bMAPS$jMaps Crace Port. 5.157
=856  41$3Copy at Maps Crace Port. 5.157$uhttp://www.bl.uk/onlinegallery/onlineex/crace/t/007zzz000000005u00157000.html$yDigitised map
=958  \\$aCRACE PORT.V.157.
=985  \\$aUpgraded from georeferencer data 2022-12-16.
=985  \\$a700 NEW
=985  \\$aCorrected by BSS-generated file
=985  \\$aDisaggregated record: Type B
=985  \\$aRecord amended for WR# 13/070
=985  \\$aRecord amended for WR1606-1727
=985  \\$aUpdated by MS generated file for WR2302-017
=CAT  \\$aCONV$b00$c20040502$lBLL01$h1041
=CAT  \\$aglobal_upd$b40$c20060416$lBLL01$h1814
=CAT  \\$aBLSS-CORR$b00$c20080705$lBLL01$h2054
=CAT  \\$aBLSS-CORR9$c20090508$lBLL01$h1636
=CAT  \\$aBATCH$b00$c20091205$lBLL01$h2216
=CAT  \\$a12842$b40$c20120703$lBLL01$h1512
=CAT  \\$aWR13_070$b00$c20130504$lBLL01$h0125
=CAT  \\$aWR13_070C$c20130611$lBLL01$h1847
=CAT  \\$aWR13.117$c20130718$lBLL01$h1854
=CAT  \\$a12842$b40$c20131002$lBLL01$h1005
=CAT  \\$aW1606-1727$c20160825$lBLL01$h1742
=CAT  \\$a14185$b40$c20221218$lBLL01$h1939
=CAT  \\$a14185$b40$c20221219$lBLL01$h0906
=CAT  \\$aW2302-0174$c20230223$lBLL01$h1951
=FIN  \\$aY$d20120703
=FMT  \\$a  MP
=LAS  \\$aW2302-0174$b00$c20230223$lBLL01$h1951
=LEO  \\$aMP17.0000085028.4
=SRC  \\$aMAP01$bbibmp17.200404.2.aa

