=LDR  04293cem a22006733u 4500
=001  004879000
=003  Uk
=005  20230223160350.0
=007  aj\canzn
=008  040502s1788\\\\enk||||||\a\\\\\1\\\eng|\
=034  1\$aa$dW0015015$eW0015713$fN0513208$gN0512917$2bound
=040  \\$aUk$beng$cUk$dUk
=042  \\$aukblsr
=082  04$a912.421$223
=100  1\$aSayer, Robert,$d1725-1794.
=245  14$aThe London directory, or a new & improved plan of London, Westminster & Southwark :$bwith the adjacent country, the new buildings, the new roads and the late alterations by opening of new streets, & widening of others, 1788.
=255  \\$aScale not determined$c(W 1°50'15"--W 1°57'13"/N 51°32'08"--N 51°29'17").
=260  \\$a[London] :$bprinted for Robert Sayer, map & printseller, No. 53 Fleet Street,$c1788.
=300  \\$a1 map ;$c31 x 51 cm
=336  \\$acartographic image$2rdacontent
=337  \\$aunmediated$2rdamedia
=338  \\$asheet$2rdacarrier
=500  \\$aRobert Sayer, the surveyor, traded as a map publisher and print seller in Fleet Street in the latter half of the 18th century. Between 1751 and 1770 and again from 1784 to 1794, he published maps under his own name or under the imprint of Sayer and Bennett. This is the 11th edition of a map published 14 times over a period of 27 years. During this time Robert Sayer became joined in partnership with John Bennett, with their joint imprint appearing on the third to eighth editions. The area of the city is highlighted in pink. A table of references for churches and public buildings appears below the map. In 1794 Sayers stock was acquired by Robert Laurie who founded the map publishing firm of Laurie & Whittle, with his friend James Whittle.
=500  \\$a11th ed.; first printed ca. 1765. Later published in 1775, 1776 with J. Bannett's name added to imprint, 1778, 1779, 1780, 1781, 1783, 1785, 1786 J. Bannett's name omitted from imprint, 1787, 1788 (this state), 1789, 1790 and 1792.
=500  \\$aTable of references to churches and public buildings bottom portion of plate.
=500  \\$aMargin marked off in half miles and lettered for reference.
=500  \\$aBuilt-up areas coloured and stippled in City, hatched elsewhere.
=510  4\$aCrace, John Gregory, A catalogue of maps, plans and views of London, Westminster and Southwark collected and arranged by Frederick Crace (1878),$cno. 162, p. 31
=510  4\$aHowgego, James. Printed maps of London,$bcirca 1553-1850,$cno. 138 (11), pp. 118-119
=510  4\$aWorms, Laurence, Baynton-Williams, Ashley. British Map Engravers. A dictionary of engravers, lithographers and their principal employers,$bto 1850,$cpp. 585-588
=651  \0$aLondon (England)$vMaps$vEarly works to 1800.
=655  \7$aEarly maps.$2fast$0(OCoLC)fst01752681
=700  1\$aCrace, Frederick,$d1779-1859,$eformer owner.
=787  0\$tThe London Directory, or a new & improved Plan of London, Westminster & Southwark ... Scale of half a mile[ = 50 mm]$w(Uk)MP17.0000085028$dLondon: R. Sayer, 1775
=852  41$aBritish Library$bMAPS$jMaps Crace Port. 5.162
=856  41$3Copy at Maps Crace Port. 5.162$uhttp://www.bl.uk/onlinegallery/onlineex/crace/t/007zzz000000005u00162000.html$yDigitised map
=958  \\$aCRACE PORT.V.162.
=985  \\$aUpgraded from georeferencer data 2022-12-16.
=985  \\$aCorrected by BSS-generated file
=985  \\$aDisaggregated record: Type B
=985  \\$aRecord amended for WR1606-1727
=985  \\$aUpdated by MS generated file for WR2302-017
=CAT  \\$aCONV$b00$c20040502$lBLL01$h1041
=CAT  \\$aglobal_upd$b40$c20060416$lBLL01$h1814
=CAT  \\$aBLSS-CORR$b00$c20080705$lBLL01$h2054
=CAT  \\$aBLSS-CORR9$c20090508$lBLL01$h1636
=CAT  \\$aBATCH$b00$c20091205$lBLL01$h2216
=CAT  \\$a12842$b40$c20120704$lBLL01$h1135
=CAT  \\$aWR13.117$c20130718$lBLL01$h1854
=CAT  \\$a12842$b40$c20131002$lBLL01$h1030
=CAT  \\$aW1606-1727$c20160825$lBLL01$h1742
=CAT  \\$a14185$b40$c20221218$lBLL01$h1939
=CAT  \\$a14185$b40$c20221219$lBLL01$h0936
=CAT  \\$aW2302-0174$c20230223$lBLL01$h1951
=FIN  \\$aY$d20120704
=FMT  \\$a  MP
=LAS  \\$aW2302-0174$b00$c20230223$lBLL01$h1951
=LEO  \\$aMP17.0000085028.5
=SRC  \\$aMAP01$bbibmp17.200404.2.aa

