=LDR  03851cem a22007453u 4500
=001  004879007
=003  Uk
=005  20230223160350.0
=007  aj\aanzn
=008  120628s1780\\\\enk||||||\a\\\\\0\\\eng|\
=019  4\$am090028058
=034  1\$aa$dW0015011$eW0015729$fN0513223$gN0512934$2bound
=040  \\$aUk$beng$cUk$dUk
=042  \\$aukblsr
=082  04$a912.421$223
=100  1\$aKitchin, Thomas,$d-1784.
=245  12$aA new and correct plan of the cities of London, Westminster and borough of Southwark :$bwherein all the streets, roads, churches, public buildings &c. to the present year 1781 are exactly delineated.
=255  \\$aScale not determined$c(W 1°50'11"--W 1°57'29"/N 51°32'23"--N 51°29'34").
=260  \\$a[London] :$bpublished by R. Sayer & J. Bennett, map & printsellers No. 53 Fleet Street,$cJanuary 1st, 1780.
=300  \\$a1 map :$bcol. ;$c43 x 69 cm
=336  \\$acartographic image$2rdacontent
=337  \\$aunmediated$2rdamedia
=338  \\$asheet$2rdacarrier
=500  \\$aA table of references in the top-left corner identifies the Great Offices of State and public buildings. Different colours denote the boundaries of Westminster, Southwark and the City.
=500  \\$aFirst published by T. Kitchin in 1775; later ed. published in 1777, 1780, 1781 (this state but year in imprint not altered), 1783, 1784, 1785, 1786, 1787, 1788, 1789 and 1791.
=500  \\$aContains index to principal buildings and government offices, parishes, wards, liberties and districts.
=500  \\$aStreets have been added west of Tottenham Court Road.
=500  \\$aCity of London outlined in colour.
=510  4\$aCrace, John Gregory, A catalogue of maps, plans and views of London, Westminster and Southwark collected and arranged by Frederick Crace (1878),$cno. 153, p. 29
=510  4\$aHowgego, James. Printed maps of London,$bcirca 1553-1850,$cno. 163 (4), pp. 130-131
=510  4\$aWorms, Laurence, Baynton-Williams, Ashley. British Map Engravers. A dictionary of engravers, lithographers and their principal employers,$bto 1850,$cp. 69; pp. 585-588
=651  \0$aLondon (England)$vMaps$vEarly works to 1800.
=655  \7$aEarly maps.$2fast$0(OCoLC)fst01752681
=700  1\$aBennett, John,$dactive 1774-1783,$eformer owner.
=700  1\$aCrace, Frederick,$d1779-1859,$eformer owner.
=700  1\$aCrace, John Gregory,$d1809-1889,$edonor.
=700  1\$aSayer, Robert,$d1725-1794.
=852  41$aBritish Library$bMAPS$jMaps Crace Port. 5.153
=856  41$3Copy at Maps Crace Port. 5.153$uhttp://www.bl.uk/onlinegallery/onlineex/crace/a/007000000000005u00153000.html$yDigitised map
=886  2\$2blmarc$a256$b00$bScale of one mile[ = 125 mm]
=958  \\$aCRACE PORT.V.153.
=985  \\$aUpgraded from georeferencer data 2022-12-16.
=985  \\$aCorrected by BSS-generated file
=985  \\$aRecord amended for WR# 13/070
=985  \\$aRecord amended for WR1606-1727
=985  \\$aUpdated by MS generated file for WR2302-017
=CAT  \\$aCONV$b00$c20040502$lBLL01$h1041
=CAT  \\$aglobal_upd$b40$c20060416$lBLL01$h1814
=CAT  \\$aBLSS-CORR$b00$c20080705$lBLL01$h2101
=CAT  \\$aBLSS-CORR9$c20090508$lBLL01$h1637
=CAT  \\$aBATCH$b00$c20091205$lBLL01$h2216
=CAT  \\$a12842$b40$c20120705$lBLL01$h1301
=CAT  \\$aWR13_070$b00$c20130504$lBLL01$h0125
=CAT  \\$aWR13_070C$c20130611$lBLL01$h1847
=CAT  \\$aWR13.117$c20130718$lBLL01$h1854
=CAT  \\$a12842$b40$c20131002$lBLL01$h1000
=CAT  \\$aW1606-1727$c20160825$lBLL01$h1742
=CAT  \\$a14185$b40$c20221218$lBLL01$h1939
=CAT  \\$a14185$b40$c20221219$lBLL01$h0946
=CAT  \\$aW2302-0174$c20230223$lBLL01$h1951
=FIN  \\$aY$d20120705
=FMT  \\$a  MP
=LAS  \\$aW2302-0174$b00$c20230223$lBLL01$h1951
=LEO  \\$aMP17.0000085033
=SRC  \\$aMAP01$bbibmp17.200404.2.aa

