=LDR  04427cem a22007453u 4500
=001  004879008
=003  Uk
=005  20230223160350.0
=007  aj\aanzn
=008  120628s1785\\\\enk||||||\a\\\\\0\\\eng|\
=034  1\$aa$dW0015013$eW0015729$fN0513221$gN0512936$2bound
=040  \\$aUk$beng$cUk$dUk
=042  \\$aukblsr
=082  04$a912.421$223
=100  1\$aKitchin, Thomas,$d-1784.
=245  12$aA new and correct plan of the cities of London, Westminster and borough of Southwark :$bwherein all the streets, roads, churches, public buildings &c. to the present year 1785 are exactly delineated.
=255  \\$aScale not determined$c(W 1°50'13"--W 1°57'29"/N 51°32'21"--N 51°29'36").
=260  \\$a[London] :$bpublished by R. Sayer & J. Bennett, map & printsellers No. 53 Fleet Street,$cJanuary 1st, 1785.
=300  \\$a1 map :$bhand col. ;$c43 x 69 cm
=336  \\$acartographic image$2rdacontent
=337  \\$aunmediated$2rdamedia
=338  \\$asheet$2rdacarrier
=500  \\$aMap publisher and print seller Robert Sayer traded from Fleet Street in the latter half of the 18th century, first under his own name, and then under the joint imprint of Sayer & Bennett. This is a later edition of Sayer& Bennett's 1781 map of London. Coloured outlines appear along the boundaries of the London Wall, Westminster and Southwark. References tables appear in all four corners, listing public buildings, churches and the parishes within the Bills of Mortality (those parishes who reported deaths to the central London government). Open land, such as parks and gardens, is highlighted in green.
=500  \\$aFirst published by T. Kitchin in 1775; later ed. published in 1777, 1780, 1781, 1783, 1784, 1785 (this state), 1786, 1787, 1788, 1789 and 1791.
=500  \\$aContains index to principal buildings and government offices, parishes, wards, liberties and districts.
=500  \\$aCity of London outlined in colour.
=510  4\$aCrace, John Gregory, A catalogue of maps, plans and views of London, Westminster and Southwark collected and arranged by Frederick Crace (1878),$cno. 158, p. 30
=510  4\$aHowgego, James. Printed maps of London,$bcirca 1553-1850,$cno. 163 (7), pp. 130-131
=510  4\$aWorms, Laurence, Baynton-Williams, Ashley. British Map Engravers. A dictionary of engravers, lithographers and their principal employers,$bto 1850,$cp. 69; pp. 585-588
=651  \0$aLondon (England)$vMaps$vEarly works to 1800.
=655  \7$aEarly maps.$2fast$0(OCoLC)fst01752681
=700  1\$aBennett, John,$dactive 1774-1783.
=700  1\$aCrace, Frederick,$d1779-1859,$eformer owner.
=700  1\$aCrace, John Gregory,$d1809-1889,$edonor.
=700  1\$aSayer, Robert,$d1725-1794.
=787  0\$tA new and correct Plan of the Cities of London, Westminster and Borough of Southwark wherein all the Streets, Roads ... to ... 1781 are exactly delineated. Scale of one mile[ = 125 mm]$w(Uk)MP17.0000085033$dLondon: R. Sayer & J. Bennett, 1780
=852  41$aBritish Library$bMAPS$jMaps Crace Port. 5.158
=856  41$3Copy at Maps Crace Port. 5.158$uhttp://www.bl.uk/onlinegallery/onlineex/crace/a/007zzz000000005u00158000.html$yDigitised map
=958  \\$aCRACE PORT.V.158.
=985  \\$aUpgraded from georeferencer data 2022-12-16.
=985  \\$aCorrected by BSS-generated file
=985  \\$aDisaggregated record: Type B
=985  \\$aRecord amended for WR# 13/070
=985  \\$aRecord amended for WR1606-1727
=985  \\$aUpdated by MS generated file for WR2302-017
=CAT  \\$aCONV$b00$c20040502$lBLL01$h1041
=CAT  \\$aglobal_upd$b40$c20060416$lBLL01$h1814
=CAT  \\$aBLSS-CORR$b00$c20080705$lBLL01$h1812
=CAT  \\$aBLSS-CORR9$c20090508$lBLL01$h1635
=CAT  \\$aBATCH$b00$c20091205$lBLL01$h2216
=CAT  \\$a12842$b40$c20120703$lBLL01$h1534
=CAT  \\$a12842$b40$c20120705$lBLL01$h1357
=CAT  \\$aWR13_070$b00$c20130504$lBLL01$h0125
=CAT  \\$aWR13_070C$c20130611$lBLL01$h1847
=CAT  \\$aWR13.117$c20130718$lBLL01$h1854
=CAT  \\$a12842$b40$c20131002$lBLL01$h1020
=CAT  \\$aW1606-1727$c20160825$lBLL01$h1742
=CAT  \\$a14185$b40$c20221218$lBLL01$h1939
=CAT  \\$a14185$b40$c20221219$lBLL01$h0939
=CAT  \\$aW2302-0174$c20230223$lBLL01$h1951
=FIN  \\$aY$d20120703
=FMT  \\$a  MP
=LAS  \\$aW2302-0174$b00$c20230223$lBLL01$h1951
=LEO  \\$aMP17.0000085033.1
=SRC  \\$aMAP01$bbibmp17.200404.2.aa

