=LDR  04302cem a22007213u 4500
=001  004879010
=003  Uk
=005  20230223160350.0
=007  aj\aanzn
=008  120628s1791\\\\enk||||||\a\\\\\0\\\eng|\
=034  1\$aa$b12950$dW0015011$eW0015732$fN0513226$gN0512933$2bound
=040  \\$aUk$beng$cUk$dUk
=042  \\$aukblsr
=082  04$a912.421$223
=100  1\$aKitchin, Thomas,$d-1784.
=245  12$aA new and correct plan of the cities of London, Westminster and borough of Southwark :$bwherein all the streets, roads, churches, public buildings &c. to the present year 1791 are exactly delineated.
=255  \\$aScale approximately 1:12,950$c(W 1°50'11"--W 1°57'32"/N 51°32'26"--N 51°29'33").
=260  \\$a[London] :$bpublished by Robert Sayer, map & printsellers No. 53 Fleet Street,$cJanuary 1st, 1791.
=300  \\$a1 map :$bhand col. ;$c43 x 69 cm
=336  \\$acartographic image$2rdacontent
=337  \\$aunmediated$2rdamedia
=338  \\$asheet$2rdacarrier
=500  \\$aMap publisher and print seller Robert Sayer traded from Fleet Street in the latter half of the 18th century, first under his own name, and then under the joint imprint of Sayer& Bennett. This map has four-colour text panels in corners, including information relating to the recent Act for regulating Hackney Coaches. The development of turnpike roads in 1750 saw an increase of wheeled traffic, supplanting rivers as the main medium of transport. The map also features information about new rates for watermen introduced in 1785.The title of the plan states that it has been published as the "Act Directs", a reference to the Copyright Act of 1734, used to curb the high incidence of uncredited copying among mapmakers.
=500  \\$aFirst published by T. Kitchin in 1775; later ed. published in 1777, 1780, 1781, 1783, 1784, 1785, 1786, 1787, 1788, 1789 and 1791 (this state).
=500  \\$aTable of watermen's rates and of hackney coach fares replace previous tables.
=500  \\$aCity of London outlined and open spaces coloured.
=510  4\$aCrace, John Gregory, A catalogue of maps, plans and views of London, Westminster and Southwark collected and arranged by Frederick Crace (1878),$cno. 167, p. 32
=510  4\$aHowgego, James. Printed maps of London,$bcirca 1553-1850,$cno. 163 (12), pp. 130-131
=651  \0$aLondon (England)$vMaps$vEarly works to 1800.
=655  \7$aEarly maps.$2fast$0(OCoLC)fst01752681
=700  1\$aCrace, Frederick,$d1779-1859,$eformer owner.
=700  1\$aCrace, John Gregory,$d1809-1889,$edonor.
=700  1\$aSayer, Robert,$d1725-1794.
=787  0\$tA new and correct Plan of the Cities of London, Westminster and Borough of Southwark wherein all the Streets, Roads ... to ... 1781 are exactly delineated. Scale of one mile[ = 125 mm]$w(Uk)MP17.0000085033$dLondon: R. Sayer & J. Bennett, 1780
=852  41$aBritish Library$bMAPS$jMaps Crace Port. 5.167
=856  41$3Copy at Maps Crace Port. 5.167$uhttp://www.bl.uk/onlinegallery/onlineex/crace/a/007zzz000000005u00167000.html$yDigitised map
=958  \\$aCRACE PORT.V.167.
=985  \\$aUpgraded from georeferencer data 2022-12-16.
=985  \\$aCorrected by BSS-generated file
=985  \\$aDisaggregated record: Type B
=985  \\$aRecord amended for WR# 13/070
=985  \\$aRecord amended for WR1606-1727
=985  \\$aUpdated by MS generated file for WR2302-017
=CAT  \\$aCONV$b00$c20040502$lBLL01$h1041
=CAT  \\$aglobal_upd$b40$c20060416$lBLL01$h1814
=CAT  \\$aBLSS-CORR$b00$c20080705$lBLL01$h1812
=CAT  \\$aBLSS-CORR9$c20090508$lBLL01$h1635
=CAT  \\$aBATCH$b00$c20091205$lBLL01$h2216
=CAT  \\$a12842$b40$c20120705$lBLL01$h1401
=CAT  \\$aWR13_070$b00$c20130504$lBLL01$h0125
=CAT  \\$aWR13_070C$c20130611$lBLL01$h1847
=CAT  \\$aWR13.117$c20130718$lBLL01$h1854
=CAT  \\$a12842$b40$c20131002$lBLL01$h1055
=CAT  \\$aW1606-1727$c20160825$lBLL01$h1742
=CAT  \\$a12842$b40$c20220421$lBLL01$h1639
=CAT  \\$a14185$b40$c20221218$lBLL01$h1939
=CAT  \\$a14185$b40$c20221219$lBLL01$h0939
=CAT  \\$aW2302-0174$c20230223$lBLL01$h1951
=FIN  \\$aY$d20120705
=FMT  \\$a  MP
=LAS  \\$aW2302-0174$b00$c20230223$lBLL01$h1951
=LEO  \\$aMP17.0000085033.3
=SRC  \\$aMAP01$bbibmp17.200404.2.aa

