=LDR  04409cem a22007093u 4500
=001  004879019
=003  Uk
=005  20230223160351.0
=007  aj\canzn
=008  120712s1825\\\\enk||||||\a\\\\\1\\\eng|\
=034  1\$aa$b9800$dW0014749$eE0000036$fN0513252$gN0512841$2bound
=040  \\$aUk$beng$cUk$dUk
=042  \\$aukblsr
=082  04$a912.421$223
=100  1\$aCary, John,$dapproximately 1754-1835.
=245  10$aCary's new and accurate plan of London and Westminster, the borough of Southwark and parts adjacent :$bviz. Kensington, Chelsea, Islington, Hackney, Walworth, Newington, &c. with an alphabetical list of upwards of 500 of the most principal streets with references to their situation and plans of the new London & East & West India Docks.
=255  \\$aScale approximately 1:9,800$c(W 1°47'49"--E 0°0'36"/N 51°32'52"--N 51°28'41").
=260  \\$aLondon :$bprinted for Ino. Cary, No. 86 St. James's Street,$cJan 1, 1825.
=300  \\$a1 map :$bhand col. ;$c74 x 146 cm
=336  \\$acartographic image$2rdacontent
=337  \\$aunmediated$2rdamedia
=338  \\$asheet$2rdacarrier
=500  \\$aThe title of this folding map of London runs along the top, with a list of public buildings at top left, facing a list of churches at top right. Open spaces and the city boundaries are drawn in colour, withal reference table in the panel below the plan. John Cary, who first published this map in 1787, added a sheet to this later edition to include the Lea River, the Isle of Dogs and the new docks. The map also shows the Asylum for the Blind in St. George's Fields and the Penitentiary at Millbank.
=500  \\$aFirst published in 1787.
=500  \\$aMap is divided into squares and borders lettered for reference.
=500  \\$aIncludes index to churches and public buildings, and reference table to streets.
=500  \\$aThe lay-out of the terraces round Regent's Park has been altered considerably and development are shown east of Sloane Square, in Paddington, St. Pancras and elsewhere.
=500  \\$aRiver, docks, some roads and green spaces coloured; City of London outlined and coloured in pink.
=510  4\$aCrace, John Gregory, A catalogue of maps, plans and views of London, Westminster and Southwark collected and arranged by Frederick Crace (1878),$cno. 221, p. 38
=510  4\$aHowgego, James. Printed maps of London,$bcirca 1553-1850,$cno. 184 (20), pp. 144-146
=510  4\$aWorms, Laurence, Baynton-Williams, Ashley. British map engravers: a dictionary of engravers, lithographers and their principal employers,$bto 1850,$cpp. 130-132
=651  \0$aLondon (England)$vMaps.
=655  \7$aMaps.$2fast$0(OCoLC)fst01423704
=700  1\$aCrace, Frederick,$d1779-1859,$eformer owner.
=700  1\$aCrace, John Gregory,$d1809-1889,$edonor.
=787  0\$tCary's new and accurate Plan of London and Westminster, the Borough of Southwark and parts adjacent ... with an alphabetical list of upwards of 500 of the most principal streets with references to their situation. Scale of half a mile[ = 80 mm]$w(Uk)MP17.0000085039$dLondon: J. Cary, 1787
=852  41$aBritish Library$bMAPS$jMaps Crace Port. 6.221
=856  41$3Copy at Maps Crace Port. 6.221$uhttp://www.bl.uk/onlinegallery/onlineex/crace/c/007000000000006u00221000.html$yDigitised map
=958  \\$aCRACE PORT.VI.221.
=985  \\$aUpgraded from georeferencer data 2022-12-16.
=985  \\$aDisaggregated record: Type B
=985  \\$aRecord amended for WR# 13/070
=985  \\$aRecord amended for WR1606-1727
=985  \\$aUpdated by MS generated file for WR2302-017
=CAT  \\$aCONV$b00$c20040502$lBLL01$h1041
=CAT  \\$aglobal_upd$b40$c20060416$lBLL01$h1814
=CAT  \\$aBATCH$b00$c20091205$lBLL01$h2216
=CAT  \\$a12842$b40$c20120717$lBLL01$h1606
=CAT  \\$aWR13_070$b00$c20130504$lBLL01$h0125
=CAT  \\$aWR13_070C$c20130611$lBLL01$h1847
=CAT  \\$aWR13.117$c20130718$lBLL01$h1854
=CAT  \\$a12842$b40$c20131002$lBLL01$h1412
=CAT  \\$a12842$b40$c20131024$lBLL01$h1452
=CAT  \\$aW1606-1727$c20160825$lBLL01$h1742
=CAT  \\$a14185$b40$c20221218$lBLL01$h1939
=CAT  \\$a14185$b40$c20221219$lBLL01$h0928
=CAT  \\$aW2302-0174$c20230223$lBLL01$h1951
=FIN  \\$aY$d20120717
=FMT  \\$a  MP
=LAS  \\$aW2302-0174$b00$c20230223$lBLL01$h1951
=LEO  \\$aMP17.0000085039.10
=SRC  \\$aMAP01$bbibmp17.200404.2.aa

