=LDR  04444cem a22007213u 4500
=001  004879025
=003  Uk
=005  20230223160351.0
=007  aj\canzn
=008  120712s1818\\\\enk||||||\a\\\\\1\\\eng|\
=034  1\$aa$b9800$dW0014751$eE0000040$fN0513245$gN0512845$2bound
=040  \\$aUk$beng$cUk$dUk
=042  \\$aukblsr
=082  04$a912.421$223
=100  1\$aCary, John,$dapproximately 1754-1835.
=245  10$aCary's new and accurate plan of London and Westminster, the borough of Southwark and parts adjacent :$bviz. Kensington, Chelsea, Islington, Hackney, Walworth, Newington, &c. with an alphabetical list of upwards of 500 of the most principal streets with references to their situation and plans of the new London & East & West India Docks.
=255  \\$aScale approximately 1:9,800$c(W 1°47'51"--E 0°0'40"/N 51°32'45"--N 51°28'45").
=260  \\$aLondon :$bprinted for Ino. Cary, map & print-seller, No. 181 Strand near Norfolk Street,$cJan 1st, 1818.
=300  \\$a1 map :$bhand col. ;$c74 x 146 cm
=336  \\$acartographic image$2rdacontent
=337  \\$aunmediated$2rdamedia
=338  \\$asheet$2rdacarrier
=500  \\$aThis title of this folding map of London appears along the top. Open spaces are depicted in colour with a reference table in a panel below the plan. This is the twelfth edition of the map first issued by Cary in 1787, updated to include several new works of the Regency period. An added sheet extends eastward to include the Isle of Dogs and the East and West India Docks.
=500  \\$aFirst printed in 1787; latest ed. with date in imprint altered to Jany. 1. 1825.
=500  \\$aMap is divided into squares and borders lettered for reference.
=500  \\$aIncludes index to churches and prominent buildings, and reference table to streets.
=500  \\$aSection added to right of map to show River Lea, Isle of Dogs and docks. This part is not divided into squares and the margin below is left blank.
=500  \\$aDevelopments shown include Waterloo Road (not named) and the Asylum for the Blind in St. George's Fields.
=500  \\$aMajor streets and open spaces coloured; City of London outlined in pink.
=510  4\$aCrace, John Gregory, A catalogue of maps, plans and views of London, Westminster and Southwark collected and arranged by Frederick Crace (1878),$cno. 210, p. 37
=510  4\$aHowgego, James. Printed maps of London,$bcirca 1553-1850,$cno. 184 (15), pp. 144-146
=510  4\$aWorms, Laurence, Baynton-Williams, Ashley. British map engravers: a dictionary of engravers, lithographers and their principal employers,$bto 1850,$cpp. 130-132
=651  \0$aLondon (England)$vMaps.
=655  \7$aMaps.$2fast$0(OCoLC)fst01423704
=700  1\$aCrace, Frederick,$d1779-1859,$eformer owner.
=700  1\$aCrace, John Gregory,$d1809-1889,$edonor.
=787  0\$tCary's new and accurate Plan of London and Westminster, the Borough of Southwark and parts adjacent ... with an alphabetical list of upwards of 500 of the most principal streets with references to their situation. Scale of half a mile[ = 80 mm]$w(Uk)MP17.0000085039$dLondon: J. Cary, 1787
=852  41$aBritish Library$bMAPS$jMaps Crace Port. 6.210
=856  41$3Copy at Maps Crace Port. 6.210$uhttp://www.bl.uk/onlinegallery/onlineex/crace/c/007000000000006u00210000.html$yDigitised map
=958  \\$aCRACE PORT.VI.210.
=985  \\$aUpgraded from georeferencer data 2022-12-16.
=985  \\$aDisaggregated record: Type B
=985  \\$aRecord amended for WR# 13/070
=985  \\$aRecord amended for WR1606-1727
=985  \\$aUpdated by MS generated file for WR2302-017
=CAT  \\$aCONV$b00$c20040502$lBLL01$h1041
=CAT  \\$aglobal_upd$b40$c20060416$lBLL01$h1814
=CAT  \\$aBATCH$b00$c20091205$lBLL01$h2216
=CAT  \\$a12842$b40$c20120712$lBLL01$h1721
=CAT  \\$aWR13_070$b00$c20130504$lBLL01$h0125
=CAT  \\$aWR13_070C$c20130611$lBLL01$h1847
=CAT  \\$aWR13.117$c20130718$lBLL01$h1854
=CAT  \\$a12842$b40$c20131002$lBLL01$h1330
=CAT  \\$a12842$b40$c20131024$lBLL01$h1449
=CAT  \\$aW1606-1727$c20160825$lBLL01$h1742
=CAT  \\$a14185$b40$c20221218$lBLL01$h1939
=CAT  \\$a14185$b40$c20221219$lBLL01$h0849
=CAT  \\$aW2302-0174$c20230223$lBLL01$h1951
=FIN  \\$aY$d20120712
=FMT  \\$a  MP
=LAS  \\$aW2302-0174$b00$c20230223$lBLL01$h1951
=LEO  \\$aMP17.0000085039.7
=SRC  \\$aMAP01$bbibmp17.200404.2.aa

