=LDR  03271cem a22006493u 4500
=001  004879067
=003  Uk
=005  20230223160351.0
=007  aj\aanzn
=008  940109s1807\\\\enk||||||\a\\||\1\||eng\\
=034  1\$aa$b16800$dW0014936$eW0015832$fN0513220$gN0512910$2bound
=040  \\$aUk$beng$cUk$dUk
=042  \\$aukblsr
=082  04$a912.421$223
=100  1\$aSmith, Charles,$d1768?-1854.
=245  10$aSmith's new plan of London, Westminster & Southwark :$bcomprehending all the new buildings and 350 references to the principal streets 1807.
=255  \\$aScale approximately 1:16,800$c(W 1°49'36"--W 1°58'32"/N 51°32'20"--N 51°29'10").
=260  \\$aLondon :$bprinted for C. Smith, mapseller, No. 172 corner of Surrey Street, Strand,$cJany. 1st 1807.
=300  \\$a1 map ;$c34 x 62 cm
=336  \\$acartographic image$2rdacontent
=337  \\$aunmediated$2rdamedia
=338  \\$asheet$2rdacarrier
=500  \\$a5th ed.; first printed in 1801; latest ed. with year after title altered to 1843.
=500  \\$aIncludes index to major streets, lower portion of plate.
=500  \\$aRiver, roads and open spaces coloured; City of London outlined in red.
=510  4\$aCrace, John Gregory, A catalogue of maps, plans and views of London, Westminster and Southwark collected and arranged by Frederick Crace (1878),$cno. 192, p. 35
=510  4\$aHowgego, James. Printed maps of London,$bcirca 1553-1850,$cno. 225 (5), pp. 171-173
=510  4\$aWorms, Laurence, Baynton-Williams, Ashley. British map engravers: a dictionary of engravers, lithographers and their principal employers,$bto 1850,$cpp. 613-614
=651  \0$aLondon (England)$vMaps.
=655  \7$aMaps.$2fast$0(OCoLC)fst01423704
=700  1\$aCrace, Frederick,$d1779-1859,$eformer owner.
=700  1\$aCrace, John Gregory,$d1809-1889,$edonor.
=787  0\$tSmith's New Plan of London, Westminster & Southwark; comprehending all the New Buildings and 350 references to the principal streets 1801. Scale of half a mile[ = 48 mm]$w(Uk)MP17.0000085059$dLondon: C. Smith, 1801
=852  41$aBritish Library$bMAPS$jMaps Crace Port. 6.192
=856  41$3Copy at Maps Crace Port. 6.192$uhttp://www.bl.uk/onlinegallery/onlineex/crace/s/007zzz000000006u00192000.html$yDigitised map
=958  \\$aCRACE PORT.VI.192.
=985  \\$aUpgraded from BL georeferencer data 2022-12-16.
=985  \\$aDisaggregated record: Type B
=985  \\$aRecord amended for WR1606-1727
=985  \\$aUpdated by MS generated file for WR2302-017
=CAT  \\$aCONV$b00$c20040502$lBLL01$h1041
=CAT  \\$aglobal_upd$b40$c20060416$lBLL01$h1814
=CAT  \\$aBATCH$b00$c20091205$lBLL01$h2216
=CAT  \\$a12842$b40$c20120710$lBLL01$h1631
=CAT  \\$a12842$b40$c20120710$lBLL01$h1634
=CAT  \\$a12842$b40$c20120711$lBLL01$h1109
=CAT  \\$aWR13.117$c20130718$lBLL01$h1854
=CAT  \\$a12842$b40$c20131002$lBLL01$h1149
=CAT  \\$a12842$b40$c20131014$lBLL01$h1429
=CAT  \\$aW1606-1727$c20160825$lBLL01$h1742
=CAT  \\$a14185$b40$c20221218$lBLL01$h0903
=CAT  \\$aW2302-0174$c20230223$lBLL01$h1951
=FIN  \\$aY$d20120710
=FMT  \\$a  MP
=LAS  \\$aW2302-0174$b00$c20230223$lBLL01$h1951
=LEO  \\$aMP17.0000085059.1
=SRC  \\$aMAP01$bbibmp17.200404.2.aa

