=LDR  03955cem a22006973u 4500
=001  004879077
=003  Uk
=005  20230223160351.0
=007  aj\canzn
=008  940109s1814\\\\enk||||||\a\\||\0\||eng\\
=034  1\$aa$b10200$dW0015001$eW0015735$fN0513200$gN0512931$2bound
=040  \\$aUk$beng$cUk$dUk
=042  \\$aukblsr
=082  04$a912.421$223
=100  1\$aMogg, Edward.
=245  13$aAn entire new plan of the cities of London & Westminster; with the borough of Southwark :$bcomprehending the new buildings and other alterations, to the present time /$cengraved by Edward Mogg.
=255  \\$aScale approximately 1:10,200$c(W 1°50'01"--W 1°57'35"/N 51°32'00"--N 51°29'31").
=260  \\$aLondon :$bpublished by Edward Mogg, No. 51 Charing Cross,$cJany 1, 1814.
=300  \\$a1 map :$bhand col. ;$c46 x 85 cm
=336  \\$acartographic image$2rdacontent
=337  \\$aunmediated$2rdamedia
=338  \\$asheet$2rdacarrier
=500  \\$aThe title and imprint of this folding map of London appear in a table at the top left, facing an advertisement for Mogg's "Survey of the Roads" at the top right. A compass star and scale bar feature at the bottom right. The river, open spaces and city boundaries are distinguished by colour use. A derivative of Cary's plan of 1790, twenty editions of this map were published between 1803 and 1828.
=500  \\$a11th ed.; first published ca. 1803; latest ed. with year in imprint altered to 1828.
=500  \\$aBased on Cary's new pocket plan of London, Westminster and Soutwark first published in 1790 by John Cary.
=500  \\$aContains advertisement for Mogg's Survey of the Roads ... upper right.
=500  \\$aRiver and open spaces coloured; City of London outlined in red.
=510  4\$aCrace, John Gregory, A catalogue of maps, plans and views of London, Westminster and Southwark collected and arranged by Frederick Crace (1878),$cno. 205, p. 36
=510  4\$aHowgego, James. Printed maps of London,$bcirca 1553-1850,$cno. 227 (11), pp. 174-175
=510  4\$aWorms, Laurence, Baynton-Williams, Ashley. British map engravers: a dictionary of engravers, lithographers and their principal employers,$bto 1850,$cpp. 454-455
=651  \0$aLondon (England)$vMaps.
=655  \7$aMaps.$2fast$0(OCoLC)fst01423704
=700  1\$aCrace, Frederick,$d1779-1859,$eformer owner.
=700  1\$aCrace, John Gregory,$d1809-1889,$edonor.
=787  0\$tAn Entire New Plan of the Cities of London & Westminster; with the Borough of Southwark: Comprehending the new buildings and other Alterations, to the year 1808. Vth edition$w(Uk)MP17.0000085063$dLondon: Edwd Mogg, Jany 1st 1808
=852  41$aBritish Library$bMAPS$jMaps Crace Port. 6.205
=856  41$3Copy at Maps Crace Port. 6.205$uhttp://www.bl.uk/onlinegallery/onlineex/crace/a/007zzz000000006u00205000.html$yDigitised map
=958  \\$aCRACE PORT.VI.205.
=985  \\$aUpgraded from georeferencer data 2022-12-16.
=985  \\$aCorrected by BSS-generated file
=985  \\$aDisaggregated record: Type B
=985  \\$aRecord amended for WR1606-1727
=985  \\$aUpdated by MS generated file for WR2302-017
=CAT  \\$aCONV$b00$c20040502$lBLL01$h1041
=CAT  \\$aglobal_upd$b40$c20060416$lBLL01$h1814
=CAT  \\$aBLSS-CORR$b00$c20080705$lBLL01$h1813
=CAT  \\$aBLSS-CORR9$c20090508$lBLL01$h1636
=CAT  \\$aBATCH$b00$c20091205$lBLL01$h2216
=CAT  \\$a12842$b40$c20120712$lBLL01$h1436
=CAT  \\$aWR13.117$c20130718$lBLL01$h1854
=CAT  \\$a12842$b40$c20131002$lBLL01$h1319
=CAT  \\$a12842$b40$c20131024$lBLL01$h1449
=CAT  \\$aW1606-1727$c20160825$lBLL01$h1742
=CAT  \\$a14185$b40$c20221218$lBLL01$h1939
=CAT  \\$a14185$b40$c20221219$lBLL01$h0929
=CAT  \\$aW2302-0174$c20230223$lBLL01$h1951
=FIN  \\$aY$d20120712
=FMT  \\$a  MP
=LAS  \\$aW2302-0174$b00$c20230223$lBLL01$h1951
=LEO  \\$aMP17.0000085063.3
=SRC  \\$aMAP01$bbibmp17.200404.2.aa

