=LDR  03963cem a22007453u 4500
=001  004879081
=003  Uk
=005  20230223160351.0
=007  aj\aanzn
=008  940109s1804\\\\enk||||||\a\\||\1\||ang\\
=019  4\$am090032063
=034  1\$aa$b17000$dW0014921$eE0000054$fN0513219$gN0512857$2bound
=040  \\$aUk$beng$cUk$dUk
=042  \\$aukblsr
=082  04$a912.421$223
=100  1\$aRowe, Robert,$d1775-1843.
=245  10$aRowe's plan of London, Westminster and Southwark, exhibiting the various improvements, to the year 1804, with the London and West India Docks /$cengraved by R. Rowe and J. Allen.
=255  \\$aScale approximately 1:17,000$c(W 1°49'21"--E 0°0'54"/N 51°32'19"--N 51°28'57").
=260  \\$a[London] :$bpublished by R. Rowe, No. 5 Gough Square, Fleet Street,$cMay 14th 1804.
=300  \\$a1 map ;$c39 x 77 cm
=336  \\$acartographic image$2rdacontent
=337  \\$aunmediated$2rdamedia
=338  \\$asheet$2rdacarrier
=500  \\$aThe title of this map appears along the top, with the table of reference in a panel below the plan and scale bar at bottom right. The map is divided into rectangles for reference and shows the newly built London and West India Docks on the Isle of Dogs. Designed by William Jessop, the docks were completed in 1802 allowing West India Company merchants to discharge their ships in four days instead of the usual four weeks.
=500  \\$a1st ed.; later ed. with year altered to 1805, 1808, 1811, 1813, 1815, 1817, 1818, 1819 and 1820.
=500  \\$aMap is divided into rectangels which are lettered of reference.
=500  \\$aIncludes an alphabetical list of the principal streets and reference to docks.
=500  \\$aSome roads, docks and open spaces coloured; City of London outlined in red.
=510  4\$aCrace, John Gregory, A catalogue of maps, plans and views of London, Westminster and Southwark collected and arranged by Frederick Crace (1878),$cno. 187, p. 34
=510  4\$aHowgego, James. Printed maps of London,$bcirca 1553-1850,$cno. 232 (1), pp. 177-178
=510  4\$aFrench, Josephine. Tooley's dictionary of mapmakers A-D (1999),$bp. 22
=510  4\$aWorms, Laurence, Baynton-Williams, Ashley. British map engravers: a dictionary of engravers, lithographers and their principal employers,$bto 1850,$cp. 17; p. 571
=651  \0$aLondon (England)$vMaps.
=655  \7$aMaps.$2fast$0(OCoLC)fst01423704
=700  1\$aAllen, Joseph,$dactive 1798-1821.
=700  1\$aCrace, Frederick,$d1779-1859,$eformer owner.
=700  1\$aCrace, John Gregory,$d1809-1889,$edonor.
=852  41$aBritish Library$bMAPS$jMaps Crace Port. 6.187
=856  41$3Copy at Maps Crace Port. 6.187$uhttp://www.bl.uk/onlinegallery/onlineex/crace/r/007zzz000000006u00187000.html$yDigitised map
=958  \\$aCrace Port.VI.187.
=985  \\$aUpgraded from georeferencer data 2022-12-16.
=985  \\$a700=NEW
=985  \\$aRecord amended for WR# 13/070
=985  \\$aRecord amended for WR1606-1727
=985  \\$aUpdated by MS generated file for WR2302-017
=CAT  \\$aCONV$b00$c20040502$lBLL01$h1041
=CAT  \\$aglobal_upd$b40$c20060416$lBLL01$h1814
=CAT  \\$aBATCH-UPD$b40$c20070415$lBLL01$h1351
=CAT  \\$aBATCH$b00$c20091205$lBLL01$h2216
=CAT  \\$aBATCH-UPD$b00$c20091211$lBLL01$h2041
=CAT  \\$a12842$b40$c20120710$lBLL01$h1341
=CAT  \\$aWR13_070$b00$c20130504$lBLL01$h0125
=CAT  \\$aWR13_070C$c20130611$lBLL01$h1847
=CAT  \\$aWR13.117$c20130718$lBLL01$h1854
=CAT  \\$a12842$b40$c20131002$lBLL01$h1135
=CAT  \\$a12842$b40$c20131014$lBLL01$h1427
=CAT  \\$aW1606-1727$c20160825$lBLL01$h1742
=CAT  \\$a14185$b40$c20221218$lBLL01$h1939
=CAT  \\$a14185$b40$c20221219$lBLL01$h0928
=CAT  \\$aW2302-0174$c20230223$lBLL01$h1951
=FIN  \\$aY$d20120710
=FMT  \\$a  MP
=LAS  \\$aW2302-0174$b00$c20230223$lBLL01$h1951
=LEO  \\$aMP17.0000085065
=SRC  \\$aMAP01$bbibmp17.200404.2.aa

