=LDR  03678cem a22006373u 4500
=001  004879085
=003  Uk
=005  20230223160351.0
=007  aj\canzn
=008  120711s1807\\\\enk||||||\a\\\\\0\\\eng|\
=034  1\$aa$b16700$dW0014755$eE0000042$fN0513253$gN0512817$2bound
=040  \\$aUk$beng$cUk$dUk
=042  \\$aukblsr
=082  04$a912.421$223
=100  1\$aMogg, Edward.
=245  10$aLondon in miniature with the surrounding villages :$ban entire new plan in which the improvements both present and intended are actually reduced (by permission) from the surveys of the several proprietors. The whole laid down from the best authorities and carefully corrected to the present time /$cby Edward Mogg.
=255  \\$aScale approximately 1:16,700$c(W 1°47'55"--E 0°0'42"/N 51°32'53"--N 51°28'17").
=260  \\$aLondon :$bpublished by Edwd. Mogg, No. 14 Little Newport Street, Leicester Square,$cJany. 1st, 1807.
=300  \\$a1 map :$bhand col. ;$c50 x 92 cm
=336  \\$acartographic image$2rdacontent
=337  \\$aunmediated$2rdamedia
=338  \\$asheet$2rdacarrier
=500  \\$aThe title of this map appears at top right, with scale bar at the bottom centre, and a compass rose near top left. Watercourses, roads and open spaces are depicted in colour. The map shows the proposed new bridges at Waterloo and Vauxhall, extending eastward on an added sheet to include the Isle of Dogs.
=500  \\$a2nd ed.; first published in 1806; latest ed. with year in imprint altered to 1846.
=500  \\$aThe map has been updated by hand, the proposed new bridges and roads at Waterloo and Vauxhall shown but not named.
=510  4\$aCrace, John Gregory, A catalogue of maps, plans and views of London, Westminster and Southwark collected and arranged by Frederick Crace (1878),$cno. 195, p. 35
=510  4\$aHowgego, James. Printed maps of London,$bcirca 1553-1850,$cno. 237 (2), pp. 180-182
=510  4\$aWorms, Laurence, Baynton-Williams, Ashley. British map engravers: a dictionary of engravers, lithographers and their principal employers,$bto 1850,$cpp. 454-455
=651  \0$aLondon (England)$vMaps.
=655  \7$aMaps.$2fast$0(OCoLC)fst01423704
=700  1\$aCrace, Frederick,$d1779-1859,$eformer owner.
=700  1\$aCrace, John Gregory,$d1809-1889,$edonor.
=787  0\$tLondon in Miniature, with the surrounding Villages ... laid down from the best authorities and ... corrected to the present time by Edward Mogg. One mile[ = 100 mm]$w(Uk)MP17.0000085067$dLondon: E. Mogg, 1806
=852  41$aBritish Library$bMAPS$jMaps Crace Port. 6.195
=856  41$3Copy at Maps Crace Port. 6.195$uhttp://www.bl.uk/onlinegallery/onlineex/crace/l/007000000000006u00195000.html$yDigitised map
=958  \\$aCRACE PORT.VI.195.
=985  \\$aUpgraded from georeferencer data 2022-12-16.
=985  \\$aDisaggregated record: Type B
=985  \\$aRecord amended for WR1606-1727
=985  \\$aUpdated by MS generated file for WR2302-017
=CAT  \\$aCONV$b00$c20040502$lBLL01$h1041
=CAT  \\$aglobal_upd$b40$c20060416$lBLL01$h1814
=CAT  \\$aBATCH$b00$c20091205$lBLL01$h2216
=CAT  \\$a12842$b40$c20120711$lBLL01$h1117
=CAT  \\$aWR13.117$c20130718$lBLL01$h1854
=CAT  \\$a12842$b40$c20131002$lBLL01$h1245
=CAT  \\$a12842$b40$c20131024$lBLL01$h1447
=CAT  \\$aW1606-1727$c20160825$lBLL01$h1742
=CAT  \\$a14185$b40$c20221218$lBLL01$h1938
=CAT  \\$a14185$b40$c20221219$lBLL01$h0927
=CAT  \\$aW2302-0174$c20230223$lBLL01$h1951
=FIN  \\$aY$d20120711
=FMT  \\$a  MP
=LAS  \\$aW2302-0174$b00$c20230223$lBLL01$h1951
=LEO  \\$aMP17.0000085067.1
=SRC  \\$aMAP01$bbibmp17.200404.2.aa

