=LDR  03931cem a22007453u 4500
=001  004879097
=003  Uk
=005  20230223160351.0
=007  aj\aanzn
=008  940109s1809\\\\enk||||||\u\\||\0\||eng\\
=034  1\$aa$b17200$dW0014934$eW0015748$fN0513211$gN0512851$2bound
=040  \\$aUk$beng$cUk$dUk
=042  \\$aukblsr
=082  04$a912.421$223
=100  1\$aDarton, William,$d1755-1819.
=245  16$a[The] stranger's guide through the streets of London and Westminster, &c.
=246  1\$aA new and correct plan of London and Westminster, with the latest improvements
=255  \\$aScale approximately 1:17,200$c(W 1°49'34"--W 1°57'48"/N 51°32'11"--N 51°28'51").
=260  \\$aLondon :$bpubd by W. & T. Darton, 58 Holborn Hill,$cJany 2d 1809.
=300  \\$a1 map :$bhand col. ;$c36 x 56 cm
=336  \\$acartographic image$2rdacontent
=337  \\$aunmediated$2rdamedia
=338  \\$asheet$2rdacarrier
=500  \\$aThe title of this folding map appears along the top, with the sub-title in an oval at top right. A scale bar and compass star feature at the bottom right. An inset plan of Fleet Prison is included at top left. Squares, open spaces and built-up areas are all delineated in colour. Intended for visitors to the city, the map is divided into squares, with a quick-reference key in the panel below the main plan.
=500  \\$a3rd ed.; first published in 1807. latest ed. with year in imprint 1822 and additional note 'Corrected to May 1 1823'.
=500  \\$aMap is divided into rectangles and lettered for reference. Includes alphabetical index to streets, bottom portion of plate.
=500  \\$aStrand Bridge and south approach shown in pecked line.
=500  \\$aIncludes inset: Plan of the rules of the Fleet Prison.
=500  \\$aSome open spaces and docks coloured; City of London outlined in pink.
=510  4\$aCrace, John Gregory, A catalogue of maps, plans and views of London, Westminster and Southwark collected and arranged by Frederick Crace (1878),$cno. 198, p. 35
=510  4\$aHowgego, James. Printed maps of London,$bcirca 1553-1850,$cno. 240a (3), p. 185
=510  4\$aWorms, Laurence, Baynton-Williams, Ashley. British map engravers: a dictionary of engravers, lithographers and their principal employers,$bto 1850,$cpp. 183-184
=651  \0$aLondon (England)$vMaps.
=655  \7$aMaps.$2fast$0(OCoLC)fst01423704
=700  1\$aCrace, Frederick,$d1779-1859,$eformer owner.
=700  1\$aCrace, John Gregory,$d1809-1889,$edonor.
=700  1\$aDarton, Thomas,$d1783-1855.
=852  41$aBritish Library$bMAPS$jMaps Crace Port. 6.198
=856  41$3Copy at Maps Crace Port. 6.198$uhttp://www.bl.uk/onlinegallery/onlineex/crace/s/007zzz000000006u00198000.html$yDigitised map
=958  \\$aCRACE PORT.VI.198.
=985  \\$aUpgraded from georeferencer data 2022-12-16.
=985  \\$aCorrected by BSS-generated file
=985  \\$a700 NEW
=985  \\$aRecord amended for WR1606-1727
=985  \\$aUpdated by MS generated file for WR2302-017
=CAT  \\$aCONV$b00$c20040502$lBLL01$h1041
=CAT  \\$aglobal_upd$b40$c20060416$lBLL01$h1814
=CAT  \\$aBLSS-CORR$b00$c20080705$lBLL01$h2055
=CAT  \\$aBLSS-CORR9$c20090508$lBLL01$h1637
=CAT  \\$aBATCH$b00$c20091205$lBLL01$h2216
=CAT  \\$a12842$b40$c20120711$lBLL01$h1514
=CAT  \\$a12842$b40$c20120711$lBLL01$h1533
=CAT  \\$a12842$b40$c20120711$lBLL01$h1537
=CAT  \\$aWR13.117$c20130718$lBLL01$h1854
=CAT  \\$a12842$b40$c20131002$lBLL01$h1304
=CAT  \\$a12842$b40$c20131024$lBLL01$h1447
=CAT  \\$aW1606-1727$c20160825$lBLL01$h1742
=CAT  \\$a14185$b40$c20221218$lBLL01$h1938
=CAT  \\$a14185$b40$c20221219$lBLL01$h0929
=CAT  \\$aW2302-0174$c20230223$lBLL01$h1951
=FIN  \\$aY$d20120711
=FMT  \\$a  MP
=LAS  \\$aW2302-0174$b00$c20230223$lBLL01$h1951
=LEO  \\$aMP17.0000085072.1
=SRC  \\$aMAP01$bbibmp17.200404.2.aa

