=LDR  03432cem a22006613u 4500
=001  004879119
=003  Uk
=005  20230223160351.0
=007  aj\canzn
=008  040502s1830\\\\enk||||||\a\\\\\1\\\eng|\
=034  1\$aa$dW0014937$eW0015835$fN0513221$gN0512904$2bound
=040  \\$aUk$beng$cUk$dUk
=042  \\$aukblsr
=082  04$a912.421$223
=100  1\$aTegg, Thomas,$d1776-1845.
=245  10$aTegg's new plan of London, &c. :$bWith 360 references to the principal streets, &c. 1830 /$cJames Bingley sc., Goswell Rd.
=255  \\$aScale not determined$c(W 1°49'37"--W 1°58'35"/N 51°32'21"--N 51°29'04").
=260  \\$aLondon :$bpublished by T. Tegg, No. 73 Cheapside,$c1830.
=300  \\$a1 map :$bhand col. ;$c35 x 61 cm
=336  \\$acartographic image$2rdacontent
=337  \\$aunmediated$2rdamedia
=338  \\$asheet$2rdacarrier
=500  \\$aFirst published in 1823. Later issued with date in title altered to 1824, 1825, 1826, 1827, 1828, 1830 (this state) and 1831. Latest ed. undated issued ca. 1832.
=500  \\$aMap is divided into numbered squares for reference. Index to streets and squares below map.
=500  \\$aThis map is very similar to plan issued by T. Tegg in 1815 but extends further south and is from a different plate.
=500  \\$aRiver, some roads and green spaces coloured; City of London outlined and coloured in red.
=510  4\$aCrace, John Gregory, A catalogue of maps, plans and views of London, Westminster and Southwark collected and arranged by Frederick Crace (1878),$cno. 230, p. 39
=510  4\$aHowgego, James. Printed maps of London,$bcirca 1553-1850,$cno. 295 (6), p. 216
=510  4\$aWorms, Laurence, Baynton-Williams, Ashley. British map engravers: a dictionary of engravers, lithographers and their principal employers,$bto 1850,$cpp. 81-82
=510  4\$aScott, Valerie. Tooley's dictionary of mapmakers Q-Z (2004),$bp. 256
=651  \0$aLondon (England)$vMaps.
=655  \7$aMaps.$2fast$0(OCoLC)fst01423704
=700  1\$aCrace, Frederick,$d1779-1859,$eformer owner.
=700  1\$aCrace, John Gregory,$d1809-1889,$edonor.
=700  1\$aBingley, Jas.$q(James),$eengraver.
=787  0\$tTegg's New Plan of London, &c. With 360 references to the principal streets, &c. 1823. James Bingley sc$w(Uk)MP17.0000085087$dLondon: T. Tegg, 1823
=852  41$aBritish Library$bMAPS$jMaps Crace Port. 7.230
=856  41$3Copy at Maps Crace Port. 7.230$uhttp://www.bl.uk/onlinegallery/onlineex/crace/t/007000000000007u00230000.html$yDigitised map
=958  \\$aCRACE PORT.VII.230.
=985  \\$aUpgraded from georeferencer data 2022-12-16.
=985  \\$aDisaggregated record: Type B
=985  \\$aRecord amended for WR1606-1727
=985  \\$aUpdated by MS generated file for WR2302-017
=CAT  \\$aCONV$b00$c20040502$lBLL01$h1041
=CAT  \\$aglobal_upd$b40$c20060416$lBLL01$h1814
=CAT  \\$aBATCH$b00$c20091205$lBLL01$h2216
=CAT  \\$a12842$b40$c20120718$lBLL01$h1629
=CAT  \\$aWR13.117$c20130718$lBLL01$h1854
=CAT  \\$a12842$b40$c20131002$lBLL01$h1440
=CAT  \\$a12842$b40$c20131024$lBLL01$h1454
=CAT  \\$aW1606-1727$c20160825$lBLL01$h1742
=CAT  \\$a14185$b40$c20221218$lBLL01$h1938
=CAT  \\$aW2302-0174$c20230223$lBLL01$h1951
=FIN  \\$aY$d20120718
=FMT  \\$a  MP
=LAS  \\$aW2302-0174$b00$c20230223$lBLL01$h1951
=LEO  \\$aMP17.0000085087.1
=SRC  \\$aMAP01$bbibmp17.200404.2.aa

