=LDR  03520cem a22006493u 4500
=001  004879124
=003  Uk
=005  20230223160351.0
=007  a|||||||
=008  940109s1826\\\\enk||||||\a\\\\\0\||eng\\
=019  4\$am090035038
=034  1\$aa$b12600$dW0015004$eE0000012$fN0513209$gN0512909$2bound
=040  \\$aUk$beng$cUk$dUk
=082  04$a912.421$223
=100  1\$aCruchley, G. F.
=245  10$aCruchley's new plan of London improved to 1826. :$bIncluding the East and West India Docks /$cengraved by G. F. Cruchley.
=255  \\$aScale approximately 1:12,600$c(W 1°50'04"--E 0°0'12"/N 51°32'09"--N 51°29'09").
=260  \\$aLondon :$bpublished by G. F. Cruchley, map-seller (from Arrowsmith's), 38 Ludgate Street,$c1826.
=300  \\$a1 map :$bhand col. ;$c45 x 92 cm
=336  \\$acartographic image$2rdacontent
=337  \\$aunmediated$2rdamedia
=338  \\$asheet$2rdacarrier
=500  \\$aThe title of this folding map of London appears inset in the top border, with the publisher's imprint and key to symbols in the bottom border, the scale bar near the bottom right, and a compass rose at the top right. The river and open spaces are distinguished in colour. The map extends eastward on an added sheet to include the Isle of Dogs and the East and West India Docks.
=500  \\$aThis map was issued in three sizes. First published in 1826; latest ed. with year in title altered to 1846.
=500  \\$aRiver, some roads and green spaces coloured; City of London outlined in pink; borough of Southwark outlined in blue.
=510  4\$aCrace, John Gregory, A catalogue of maps, plans and views of London, Westminster and Southwark collected and arranged by Frederick Crace (1878),$cno. 226, p. 38
=510  4\$aHowgego, James. Printed maps of London,$bcirca 1553-1850,$cno. 304 (B, 1), pp. 221-223
=510  4\$aFrench, Josephine. Tooley's dictionary of mapmakers A-D (1999),$bpp. 317-318
=510  4\$aWorms, Laurence, Baynton-Williams, Ashley. British map engravers: a dictionary of engravers, lithographers and their principal employers,$bto 1850,$cpp. 173-174
=651  \0$aLondon (England)$vMaps.
=655  \7$aMaps.$2fast$0(OCoLC)fst01423704
=700  1\$aCrace, Frederick,$d1779-1859,$eformer owner.
=700  1\$aCrace, John Gregory,$d1809-1889,$edonor.
=852  41$aBritish Library$bMAPS$jMaps Crace Port. 6.226
=856  41$3Copy at Maps Crace Port. 6.226$uhttp://www.bl.uk/onlinegallery/onlineex/crace/c/007zzz000000006u00226000.html$yDigitised map
=886  2\$2blmarc$a256$b00$bScale of one mile[ = 130 mm]
=958  \\$aCRACE PORT.VI.226.
=985  \\$aUpgraded from georeferencer data 2022-12-16.
=985  \\$aRecord amended for WR1606-1727
=985  \\$aUpdated by MS generated file for WR2302-017
=CAT  \\$aCONV$b00$c20040502$lBLL01$h1041
=CAT  \\$aglobal_upd$b40$c20060416$lBLL01$h1814
=CAT  \\$a8876$b40$c20061025$lBLL01$h1130
=CAT  \\$aBATCH$b00$c20091205$lBLL01$h2216
=CAT  \\$a12842$b40$c20120718$lBLL01$h1205
=CAT  \\$aWR13.117$c20130718$lBLL01$h1854
=CAT  \\$a12842$b40$c20131002$lBLL01$h1419
=CAT  \\$a12842$b40$c20131024$lBLL01$h1453
=CAT  \\$aW1606-1727$c20160825$lBLL01$h1742
=CAT  \\$a14185$b40$c20221218$lBLL01$h1938
=CAT  \\$a14185$b40$c20221219$lBLL01$h0928
=CAT  \\$aW2302-0174$c20230223$lBLL01$h1951
=FIN  \\$aY$d20120718
=FMT  \\$a  MP
=LAS  \\$aW2302-0174$b00$c20230223$lBLL01$h1951
=LEO  \\$aMP17.0000085092
=SRC  \\$aMAP01$bbibmp17.200404.2.aa

