=LDR  03853cem a22006733u 4500
=001  004879155
=003  Uk
=005  20230223160351.0
=007  aj\canzn
=008  940109s1847\\\\enk||||||\a\\||\|\||eng\\
=034  1\$aa$b12700$dW0014607$eE0000045$fN0513446$gN0512643$2bound
=040  \\$aUk$beng$cUk$dUk
=042  \\$aukblsr
=082  04$a912.421$223
=100  1\$aCruchley, G. F.
=245  10$aCruchley's new plan of London and its environs /$cengraved by Cruchley.
=250  \\$aA new edition improved to January 1st 1847.
=255  \\$aScale approximately 1:12,700$c(W 1°46'07"--E 0°0'45"/N 51°34'46"--N 51°26'43").
=260  \\$aLondon :$bpublished by Cruchely, map-seller, no. 81 Fleet Street (from 38 Ludgate Street),$c1847.
=300  \\$a1 map :$bhand col. ;$c118 x 138 cm
=336  \\$acartographic image$2rdacontent
=337  \\$aunmediated$2rdamedia
=338  \\$asheet$2rdacarrier
=500  \\$aThis map is the 11th edition of Cruchley's 'New Plan'. It was altered on each publication, recording the many developments than spanned this period, particularly railway expansion. In this edition the Waterloo and Bricklayers Arms stations are shown, as are Battersea and Victoria Parks. Prior to the establishment of his own business, Cruchley worked for the Arrowsmiths map-publishing firm. Consequently the words "from Arrowsmiths" appear in his imprint on many of his early maps.
=500  \\$aFirst published in 1828; latest ed. issued ca. 1851 with International Exhibition in Hyde Park shown.
=500  \\$aMap is divided into squares and borders lettered for reference.
=500  \\$aBattersea and Victoria Parks shown; railways in progress shown by pecked line.
=500  \\$aRiver, docks, railways, some roads and green spaces coloured; boundaries of metropolitan boroughs shown in colour.
=510  4\$aCrace, John Gregory, A catalogue of maps, plans and views of London, Westminster and Southwark collected and arranged by Frederick Crace (1878),$cno. 253, p. 41
=510  4\$aHowgego, James. Printed maps of London,$bcirca 1553-1850,$cno. 317a (14), pp. 233-234
=510  4\$aFrench, Josephine. Tooley's dictionary of mapmakers A-D (1999),$bpp. 317-318
=510  4\$aWorms, Laurence, Baynton-Williams, Ashley. British map engravers: a dictionary of engravers, lithographers and their principal employers,$bto 1850,$cpp. 173-174
=651  \0$aLondon (England)$vMaps.
=655  \7$aMaps.$2fast$0(OCoLC)fst01423704
=700  1\$aCrace, Frederick,$d1779-1859,$eformer owner.
=700  1\$aCrace, John Gregory,$d1809-1889,$edonor.
=787  0\$tCruchley's New Plan of London and its Environs. A new edition, improved to ... 1838$w(Uk)MP17.0000085102$dLondon: Cruchley, [1838]
=852  41$aBritish Library$bMAPS$jMaps Crace Port. 7.253
=856  41$3Copy at Maps Crace Port. 7.253$uhttp://www.bl.uk/onlinegallery/onlineex/crace/c/007000000000007u00253000.html$yDigitised map
=985  \\$aUpgraded from georeferencer data 2022-12-16.
=985  \\$aRecord amended for WR1606-1727
=985  \\$aUpdated by MS generated file for WR2302-017
=CAT  \\$aCONV$b00$c20040502$lBLL01$h1041
=CAT  \\$aglobal_upd$b40$c20060416$lBLL01$h1814
=CAT  \\$aBATCH$b00$c20091205$lBLL01$h2216
=CAT  \\$a12842$b40$c20120726$lBLL01$h1148
=CAT  \\$aWR13.117$c20130718$lBLL01$h1854
=CAT  \\$a12842$b40$c20131002$lBLL01$h1645
=CAT  \\$a12842$b40$c20131011$lBLL01$h1356
=CAT  \\$a8874$b40$c20131014$lBLL01$h0749
=CAT  \\$aW1606-1727$c20160825$lBLL01$h1742
=CAT  \\$a14185$b40$c20221218$lBLL01$h1938
=CAT  \\$a14185$b40$c20221219$lBLL01$h0900
=CAT  \\$aW2302-0174$c20230223$lBLL01$h1951
=FIN  \\$aY$d20120726
=FMT  \\$a  MP
=LAS  \\$aW2302-0174$b00$c20230223$lBLL01$h1951
=LEO  \\$aMP17.0000086964.2
=SRC  \\$aMAP01$bbibmp17.200404.2.aa

