=LDR  04103cem a22006613u 4500
=001  004879168
=003  Uk
=005  20230223160351.0
=007  aj\canzn
=008  120726q1848\\\\enk||||||\a\\\\\1\\\eng|\
=034  1\$aa$dW0014826$eW0015835$fN0513237$gN0512903$2bound
=040  \\$aUk$beng$cUk$dUk
=042  \\$aukblsr
=082  04$a912.421$223
=100  1\$aCross, Joseph.
=245  10$aCross's London guide.
=255  \\$aScale not determined$c(W 1°48'26"--W 1°58'35"/N 51°32'37"--N 51°29'03").
=260  \\$a[London] :$bpublished by J. Cross, 18 Holborn Hill, opposite Furnival's Inn,$c[1848]
=300  \\$a1 map :$bhand col. ;$c36 x 65 cm
=336  \\$acartographic image$2rdacontent
=337  \\$aunmediated$2rdamedia
=338  \\$asheet$2rdacarrier
=500  \\$aThis is the second edition of Cross's London Guide, originally published in 1837 and issued four times. The cover title of this edition is 'CROSS'S POCKET PLAN OF LONDON AND STREET DIRECTORY 1844'. Its principal interest lies in its detailing of the expansion of the railways. London's first railway was opened in 1836, running between Bermondsey and Deptford, reducing the average travelling time from an hour to eight minutes. This line was extended to Greenwich and London Bridge, with the extension recorded on the map. By 1841 there were six terminal stations in London, with railways linking London with Birmingham and Southampton. These terminals were set at a distance from the centre of the city, due to fears of street congestion. This map shows the Great Western, Birmingham, Eastern Counties, Blackwall, Southampton and Croydon railways. The intended position of Hungerford Bridge is also shown.
=500  \\$aDate taken from A catalogue of maps, plans and views of London, Westminster and Southwark collected and arranged by Frederick Crace, 1878.
=500  \\$aFirst published in 1837; latest ed. issued ca. 1851 with International Exhibition in Hyde Park shown.
=500  \\$aMap is divided into half mile squares and borders lettered and numbered for reference. Index to public buildings below map.
=500  \\$aRiver, railways, some roads and green spaces coloured; City of London outlined in red.
=510  4\$aCrace, John Gregory, A catalogue of maps, plans and views of London, Westminster and Southwark collected and arranged by Frederick Crace (1878),$cno. 254, p. 41
=510  4\$aHowgego, James. Printed maps of London,$bcirca 1553-1850,$cno. 360 (3a), pp. 253-254
=510  4\$aWorms, Laurence, Baynton-Williams, Ashley. British map engravers: a dictionary of engravers, lithographers and their principal employers,$bto 1850,$cpp. 171-172
=651  \0$aLondon (England)$vMaps.
=655  \7$aMaps.$2fast$0(OCoLC)fst01423704
=700  1\$aCrace, Frederick,$d1779-1859,$eformer owner.
=700  1\$aCrace, John Gregory,$d1809-1889,$edonor.
=787  0\$tCross's London Guide$w(Uk)MP17.0000085110$dLondon: J. Cross, 1837
=852  41$aBritish Library$bMAPS$jMaps Crace Port. 7.254
=856  41$3Copy at Maps Crace Port. 7.254$uhttp://www.bl.uk/onlinegallery/onlineex/crace/c/007000000000007u00254000.html$yDigitised map
=958  \\$aCRACE PORT.VII.254.
=985  \\$aUpgraded from georeferencer data 2022-12-16.
=985  \\$aDisaggregated record: Type B
=985  \\$aRecord amended for WR1606-1727
=985  \\$aUpdated by MS generated file for WR2302-017
=CAT  \\$aCONV$b00$c20040502$lBLL01$h1041
=CAT  \\$aglobal_upd$b40$c20060416$lBLL01$h1814
=CAT  \\$aBATCH$b00$c20091205$lBLL01$h2216
=CAT  \\$a12842$b40$c20120726$lBLL01$h1245
=CAT  \\$a12842$b40$c20120726$lBLL01$h1249
=CAT  \\$aWR13.117$c20130718$lBLL01$h1854
=CAT  \\$a12842$b40$c20131002$lBLL01$h1647
=CAT  \\$aW1606-1727$c20160825$lBLL01$h1742
=CAT  \\$a14185$b40$c20221218$lBLL01$h1938
=CAT  \\$a14185$b40$c20221219$lBLL01$h0905
=CAT  \\$aW2302-0174$c20230223$lBLL01$h1951
=FIN  \\$aY$d20120726
=FMT  \\$a  MP
=LAS  \\$aW2302-0174$b00$c20230223$lBLL01$h1951
=LEO  \\$aMP17.0000085110.2
=SRC  \\$aMAP01$bbibmp17.200404.2.aa

