=LDR  03278cem a22006493u 4500
=001  004879236
=003  Uk
=005  20230223160351.0
=007  aj\canzn
=008  040502s1849\\\\enk||||||\a\\\\\0\\\eng|\
=034  1\$aa$dW0014859$eW0015751$fN0513242$gN0512852$2bound
=040  \\$aUk$beng$cUk$dUk
=042  \\$aukblsr
=082  04$a912.421$223
=100  1\$aMogg, Edward.
=245  10$aMogg's new London guide, 1849 :$bthe coloured lines exhibit the omnibus routes.
=255  \\$aScale not determined$c(W 1°48'59"--W 1°57'51"/N 51°32'42"--N 51°28'52").
=260  \\$a[London],$c1849.
=300  \\$a1 map :$bhand col. ;$c33 x 48 cm
=336  \\$acartographic image$2rdacontent
=337  \\$aunmediated$2rdamedia
=338  \\$asheet$2rdacarrier
=500  \\$aThe "coloured roads" referred to in the title of this map are now faded, with only a pale orange remaining. The circle marked on the map just above St. Paul's covers a radius of two miles around the Post Office. The Post Office was erected on the site of St Martin-le-Grand. Designed by Sir Robert Smirke, it was opened in 1829. The expanding railway network is evident in the five lines coming into London.
=500  \\$a2nd ed.; first published in 1848.
=500  \\$aNote below map: The Circle exhibits a radius of two Miles from the Post Office.
=500  \\$aRiver, main roads and open spaces coloured.
=510  4\$aCrace, John Gregory, A catalogue of maps, plans and views of London, Westminster and Southwark collected and arranged by Frederick Crace (1878),$cno. 258, p. 42
=510  4\$aHowgego, James. Printed maps of London,$bcirca 1553-1850,$cno. 411 (2), p. 278
=510  4\$aWorms, Laurence, Baynton-Williams, Ashley. British map engravers: a dictionary of engravers, lithographers and their principal employers,$bto 1850,$cpp. 454-455
=651  \0$aLondon (England)$vMaps.
=655  \7$aMaps.$2fast$0(OCoLC)fst01423704
=700  1\$aCrace, Frederick,$d1779-1859,$eformer owner.
=700  1\$aCrace, John Gregory,$d1809-1889,$edonor.
=787  0\$tMogg's new London Guide$w(Uk)MP17.0000085134$dLondon: E. Mogg, 1848
=852  41$aBritish Library$bMAPS$jMaps Crace Port. 7.258
=856  41$3Copy at Maps Crace Port. 7.258$uhttp://www.bl.uk/onlinegallery/onlineex/crace/m/007000000000007u00258000.html$yDigitised map
=958  \\$aCRACE PORT.VII.258.
=985  \\$aUpgraded from georeferencer data 2022-12-16.
=985  \\$aDisaggregated record: Type B
=985  \\$aRecord amended for WR1606-1727
=985  \\$aUpdated by MS generated file for WR2302-017
=CAT  \\$aCONV$b00$c20040502$lBLL01$h1041
=CAT  \\$aglobal_upd$b40$c20060416$lBLL01$h1814
=CAT  \\$aBATCH$b00$c20091205$lBLL01$h2216
=CAT  \\$a12842$b40$c20120726$lBLL01$h1514
=CAT  \\$a12842$b40$c20120730$lBLL01$h1307
=CAT  \\$aWR13.117$c20130718$lBLL01$h1854
=CAT  \\$a12842$b40$c20131002$lBLL01$h1654
=CAT  \\$aW1606-1727$c20160825$lBLL01$h1742
=CAT  \\$a14185$b40$c20221218$lBLL01$h1938
=CAT  \\$a14185$b40$c20221219$lBLL01$h0935
=CAT  \\$aW2302-0174$c20230223$lBLL01$h1951
=FIN  \\$aY$d20120726
=FMT  \\$a  MP
=LAS  \\$aW2302-0174$b00$c20230223$lBLL01$h1951
=LEO  \\$aMP17.0000085134.1
=SRC  \\$aMAP01$bbibmp17.200404.2.aa

