=LDR  03573cem a22006373u 4500
=001  004955909
=003  Uk
=005  20221202132415.0
=007  aj\aanzn
=008  940115q1830\\\\enk||||||\a\\||\0\||eng\\
=019  4\$am150091060
=034  1\$aa$b3800$dW0015014$eW0015238$fN0513052$gN0512904$2bound
=040  \\$aUk$beng$cUk$dUk
=042  \\$aukblsr
=082  04$a912.42132$223
=100  1\$aWard, E. T.,$esurveyor.
=245  10$aMap shewing the improvements now in progress at the West End of London, particularly in the parish of St George, Hanover Square, :$bdescribing their connection with the parks, Buckingham Palace, principal public places & buildings in their vicinity. /$cSurveyed by E. T. Ward, 16 Upper Eaton Street ; engraved by Jas. Tingle.
=255  \\$aScale approximately 1:3,800$c(W 1°50'14"--W 1°52'38"/N 51°30'52"--N 51°29'04").
=260  \\$a[London,$c1830]
=300  \\$a1 map ;$c89 x 70 cm
=336  \\$acartographic image$2rdacontent
=337  \\$aunmediated$2rdamedia
=338  \\$asheet$2rdacarrier
=500  \\$aDate in imprint taken from A catalogue of maps, plans and views of London, Westminster and Southwark collected and arranged by Frederick Crace, 1878.
=510  4\$aCrace, John Gregory, A catalogue of maps, plans and views of London, Westminster and Southwark collected and arranged by Frederick Crace (1878),$cno. 29, p. 67
=510  4\$aScott, Valerie. Tooley's dictionary of mapmakers Q-Z (2004),$cp. 355
=510  4\$aWorms, Laurence, Baynton-Williams, Ashley. British map engravers: a dictionary of engravers, lithographers and their principal employers,$bto 1850,$cpp. 664-665
=520  \\$aThe title of this plan of Hanover Square and the Parish of St George appears with the publisher's imprint at lower right. Compass star and scale bars are featured at top left. The plan shows Buckingham Palace and additions made in the Regency period to the street plan. The Parish of St. George was established in 1725 and extended from Regent Street (then called Swallow Street) to the Serpentine, and from Oxford Street to include the whole of Mayfair, Belgravia and Pimlico.
=650  \0$aCity planning$zEngland$zLondon$vMaps.
=651  \0$aWestminster (London, England)$vMaps.
=651  \0$aLondon (England)$vMaps.
=700  1\$aCrace, Frederick,$d1779-1859,$eformer owner.
=700  1\$aCrace, John Gregory,$d1809-1889,$edonor.
=700  1\$aTingle, James,$dactive 1824-1850.
=852  41$aBritish Library$bMAPS$jMaps Crace Port. 10.29
=856  41$3Copy at Maps Crace Port. 10.29$uhttp://www.bl.uk/onlinegallery/onlineex/crace/m/007000000000010u00029000.html$yDigitised map
=886  2\$2blmarc$a256$b00$bScale of feet, 1,000[ = 80 mm]
=985  \\$aUpgraded from BL georeferencer data 2022-11-17.
=985  \\$aRecord amended for WR# 13/070
=985  \\$aRecord amended for WR1606-1727
=CAT  \\$aCONV$b00$c20040502$lBLL01$h1043
=CAT  \\$aglobal_upd$b40$c20060416$lBLL01$h1839
=CAT  \\$aBATCH$b00$c20091205$lBLL01$h2244
=CAT  \\$a12842$b40$c20120913$lBLL01$h1627
=CAT  \\$a12842$b40$c20120913$lBLL01$h1629
=CAT  \\$aWR13_070$b00$c20130504$lBLL01$h0125
=CAT  \\$aWR13.117$c20130718$lBLL01$h1854
=CAT  \\$a12842$b40$c20131004$lBLL01$h1638
=CAT  \\$aW1606-1727$c20160825$lBLL01$h1742
=CAT  \\$a14185$b40$c20221201$lBLL01$h1202
=CAT  \\$a14185$b40$c20221202$lBLL01$h1324
=FIN  \\$aY$d20120913
=FMT  \\$a  MP
=LAS  \\$a14185$b40$c20221202$lBLL01$h1324
=LEO  \\$aMP17.0000153684
=SRC  \\$aMAP01$bbibmp17.200404.2.aa

