=LDR  03399cem a2200697uu 4500
=001  005002325
=003  Uk
=005  20230223160507.0
=007  aj\aanzn
=008  850515q1700\\\\enk||||||\a\\||\|\||eng\\
=019  4\$am800011775
=034  1\$aa$b6250$dW0015051$eW0015649$fN0513137$gN0512936$2bound
=035  \\$a(Uk)mlc0007706
=040  \\$aUk$beng$cUk$dUk
=042  \\$aukblsr
=082  04$a912.421$223
=100  1\$aMorden, Robert,$dapproximately 1650-1703.
=245  10$aLondon, Westminster & Southwark.
=255  \\$aScale approximately 1:6,250$c(W 1°50'51"--W 1°56'49"/N 51°31'37"--N 51°29'36").
=260  \\$aLondon :$bBy Robt Morden at the Atlas in Cornhill & by Phil. Lea at the Atlas & Hercules in Cheapside,$c[ca. 1700]
=300  \\$a1 map ;$c61 x 126 cm
=336  \\$acartographic image$2rdacontent
=337  \\$aunmediated$2rdamedia
=338  \\$asheet$2rdacarrier
=500  \\$aThis map of London was printed in six sections. The title appears in ribbon at top right, with a compass in the river at lower left, facing a key to company halls in a table at top left. City wards and parishes are shown in a table at bottom centre, with the streets of Westminster in a table at bottom left.
=500  \\$aLater editions of the map published in c.1716, c.1720 and 1725.
=500  \\$aPresented by the Misses Tomlins' to Fre. Crace, Decr 12th 1847; information taken from hand annotation mounted with map.
=500  \\$aDissected and folded on cloth.
=500  \\$aIncludes tables of company halls etc. top left; index of wards and parishes bottom centre; and key to Westminster streets.
=510  4\$aCrace, John Gregory, A catalogue of maps, plans and views of London, Westminster and Southwark collected and arranged by Frederick Crace (1878),$bno. 65, p. 12-13
=510  4\$aHowgego, James. Printed maps of London,$bcirca 1553 - 1850,$cno. 50 (1), p. 73
=651  \0$aLondon (England)$vMaps$vEarly works to 1800.
=655  \7$aEarly maps.$2fast$0(OCoLC)fst01752681
=700  1\$aCrace, Frederick,$d1779-1859,$eformer owner.
=700  1\$aCrace, John Gregory,$d1809-1889,$edonor.
=700  1\$aLea, Philip,$dactive 1683-1700.
=852  41$aBritish Library$bMAPS$jMaps Crace Port. 2.65
=856  41$3Copy at Maps Crace Port. 2.65$uhttp://www.bl.uk/onlinegallery/onlineex/crace/l/007000000000002u00065000.html$yDigitised map
=958  \\$aCRACE PORT.II.65.
=985  \\$aUpgraded from georeferencer data 2022-12-16.
=985  \\$aRecord amended for WR# 13/070
=985  \\$aRecord amended for WR1606-1727
=985  \\$aUpdated by MS generated file for WR2302-017
=CAT  \\$aCONV$b00$c20040502$lBLL01$h1044
=CAT  \\$aglobal_upd$b40$c20060416$lBLL01$h1854
=CAT  \\$aBATCH$b00$c20091205$lBLL01$h2256
=CAT  \\$a12842$b40$c20120601$lBLL01$h1455
=CAT  \\$aWR13_070$b00$c20130504$lBLL01$h0125
=CAT  \\$aWR13.117$c20130718$lBLL01$h1854
=CAT  \\$a12842$b40$c20130911$lBLL01$h1143
=CAT  \\$aBATCH-UPD$b40$c20140523$lBLL01$h2118
=CAT  \\$aW1606-1727$c20160825$lBLL01$h1743
=CAT  \\$a14185$b40$c20221218$lBLL01$h1918
=CAT  \\$a14185$b40$c20221219$lBLL01$h0859
=CAT  \\$aW2302-0174$c20230223$lBLL01$h1952
=FIN  \\$aY$d20120601
=FMT  \\$a  MP
=LAS  \\$aW2302-0174$b00$c20230223$lBLL01$h1952
=LEO  \\$aMP17.0000197542
=MPX  \\$a1
=SRC  \\$aMAP01$bbibmp17.200404.2.aa

