=LDR  03269cem a2200637uu 4500
=001  005017926
=003  Uk
=005  20230223160511.0
=007  aj\aanzn
=008  970808q1670\\\\gw\||||||\a\\||\|\||ger\\
=019  4\$am800175492
=034  1\$aa$b15500$dW0015141$eW0015617$fN0513141$gN0512913$2bound
=035  \\$a(Uk)mlr0045802
=040  \\$aUk$beng$cUk$dUk
=042  \\$aukblsr
=082  04$a912.421$223
=245  00$aGrundtriss der Statt London wie solche vor und nach dem Brand anzusehen, sampt dem Newen Model, wie selbige widrum Auffgebauwet werden solle.
=255  \\$aScale approximately 1:15,500$c(W 1°51'41"--W 1°56'17"/N 51°31'41"--N 51°29'13").
=260  \\$a[Frankfurt,$cca. 1670]
=300  \\$a1 map ;$c31 x 43 cm
=336  \\$acartographic image$2rdacontent
=337  \\$aunmediated$2rdamedia
=338  \\$asheet$2rdacarrier
=500  \\$aThis is a map of London immediately after the great fire of 1666. The map was first published by the Merian Heirs of Frankfurt in 1677, appearing in the anthology "Theatri Europei". The title appears in a scroll along the top, flanked by royal and city arms. Notes on shading and an inset plan of Robert Hooke's designs for rebuilding the city appear in another scroll at the foot of the plate. Hooke's plan is given with its own key and reference table.
=500  \\$aRoyal coat of arms top left and City arms top right corner.
=500  \\$aBottom centre of plate grid-like street plan for rebuilding the city after the fire designed by R. Hooke, Model, wie die Abbgebrante Statt London, widrum Auffgebauwet werden solle.
=500  \\$aReference numbers on the main map but no the key.
=510  4\$aCrace, John Gregory, A catalogue of maps, plans and views of London, Westminster and Southwark collected and arranged by Frederick Crace (1878),$bno. 66, p. 13
=510  4\$aHowgego, James. Printed maps of London,$bcirca 1553 - 1850,$cno. 25, p. 57
=651  \0$aLondon (England)$vMaps$vEarly works to 1800.
=655  \7$aEarly maps.$2fast$0(OCoLC)fst01752681
=700  1\$aCrace, Frederick,$d1779-1859,$eformer owner.
=700  1\$aCrace, John Gregory,$d1809-1889,$edonor.
=852  41$aBritish Library$bMAPS$jMaps Crace Port. 2.66
=856  41$3Copy at Maps Crace Port. 2.66$uhttp://www.bl.uk/onlinegallery/onlineex/crace/g/007000000000002u00066000.html$yDigitised map
=958  \\$aCrace Port.II.66.
=960  1\$aFrankfurt am Main
=985  \\$aUpgraded from georeferencer data 2022-12-16.
=985  \\$aRecord amended for WR1606-1727
=985  \\$aUpdated by MS generated file for WR2302-017
=CAT  \\$aCONV$b00$c20040502$lBLL01$h1045
=CAT  \\$aglobal_upd$b40$c20060416$lBLL01$h1859
=CAT  \\$aBATCH$b00$c20091205$lBLL01$h2302
=CAT  \\$a12842$b40$c20120601$lBLL01$h1318
=CAT  \\$aWR13.117$c20130718$lBLL01$h1854
=CAT  \\$a12842$b40$c20130911$lBLL01$h1145
=CAT  \\$aW1606-1727$c20160825$lBLL01$h1743
=CAT  \\$a14185$b40$c20221218$lBLL01$h1918
=CAT  \\$a14185$b40$c20221219$lBLL01$h0918
=CAT  \\$aW2302-0174$c20230223$lBLL01$h1952
=FIN  \\$aY$d20120601
=FMT  \\$a  MP
=LAS  \\$aW2302-0174$b00$c20230223$lBLL01$h1952
=LEO  \\$aMP17.0000213876
=MPX  \\$a1
=SRC  \\$aMAP01$bbibmp17.200404.2.aa

