=LDR  02948cem a2200577 a 4500
=001  016240031
=003  Uk
=005  20230223161657.0
=007  aj\canzn
=008  130102s1835\\\\enk||||||\a\\\\\0\\\eng|\
=034  1\$aa$dW0014816$eW0015447$fN0513119$gN0512840$2bound
=040  \\$aUk$beng$cUk$dUk
=042  \\$aukblsr
=082  04$a912.42132$223
=100  1\$aBasire, James,$d1796-1869,$eengraver.
=245  10$aPlan of Westminster. No.1 /$cJs. Basire sculp.
=255  \\$aScale not determined$c(W 1°48'16"--W 1°54'47"/N 51°31'19"--N 51°28'40").
=260  \\$a[London] :$bpublished by the Society of Antiquaries of London,$cApril 23rd 1835.
=300  \\$a1 map :$bhand col. ;$c24 x 43 cm
=336  \\$acartographic image$2rdacontent
=337  \\$aunmediated$2rdamedia
=338  \\$asheet$2rdacarrier
=500  \\$aAn orange coloured area shows the extent of Westminster according to King Edgar's Charter of AD951. The contemporary boundary of Westminster is shown in red.
=500  \\$aFrom Archaeologia or miscellaneous tracts relating to antiquity. Top right corner: plate XXV, vol. XXVI, p. 224.
=500  \\$aBelow plate: The brown colour represents the extent of Westminster according to King Edgars Charter of 951. The boundary coloured red describes the present extent of Westminster.
=510  4\$aCrace, John Gregory, A catalogue of maps, plans and views of London, Westminster and Southwark collected and arranged by Frederick Crace (1878),$cno. 1, p. 73
=510  4\$aFrench, Josephine. Tooley's dictionary of mapmakers A-D (1999),$cp. 94
=510  4\$aWorms, Laurence, Baynton-Williams, Ashley. British map engravers: a dictionary of engravers, lithographers and their principal employers,$bto 1850,$cpp. 56-57
=651  \0$aWestminster (London, England)$vMaps.
=651  \0$aLondon (England)$vMaps.
=655  \7$aMaps.$2fast$0(OCoLC)fst01423704
=700  1\$aCrace, Frederick,$d1779-1859,$eformer owner.
=700  1\$aCrace, John Gregory,$d1809-1889,$edonor.
=710  2\$aSociety of Antiquaries of London.
=852  41$aBritish Library$bMAPS$jMaps Crace Port. 11.1
=856  41$3Copy at Maps Crace Port. 11.1$uhttp://www.bl.uk/onlinegallery/onlineex/crace/p/007zzz000000011u00001000.html$yDigitised map
=985  \\$aUpgraded from georeferencer data 2022-12-16.
=985  \\$aRecord amended for WR1606-1727
=985  \\$aUpdated by MS generated file for WR2302-017
=CAT  \\$a12842$b40$c20130102$lBLL01$h1611
=CAT  \\$a12842$b40$c20130103$lBLL01$h1157
=CAT  \\$a12842$b40$c20130103$lBLL01$h1221
=CAT  \\$aWR13.117$c20130718$lBLL01$h1854
=CAT  \\$a12842$b40$c20131007$lBLL01$h1157
=CAT  \\$aW1606-1727$c20160825$lBLL01$h1742
=CAT  \\$a14185$b40$c20221218$lBLL01$h1854
=CAT  \\$a14185$b40$c20221219$lBLL01$h0946
=CAT  \\$aW2302-0174$c20230223$lBLL01$h1959
=FIN  \\$aY$d20130102
=FMT  \\$a  MP
=LAS  \\$aW2302-0174$b00$c20230223$lBLL01$h1959

