=LDR  03430cem a2200565 a 4500
=001  016240611
=003  Uk
=005  20230223161658.0
=007  aj\aanzn
=008  130103q1756\\\\enk||||||\a\\\\\0\\\eng|\
=034  1\$aa$dW0015049$eW0015328$fN0513145$gN0512914$2bound
=040  \\$aUk$beng$cUk$dUk
=042  \\$aukblsr
=082  04$a912.42132$223
=100  1\$aCole, Benjamin,$d1697?-1783.
=245  12$aA new and accurate plan of the city of Westminster the dutchy of Lancaster and places adjacent /$cB. Cole sculp.
=255  \\$aScale not given$c(W 1°50'49"--W 1°53'28"/N 51°31'45"--N 51°29'14").
=260  \\$a[London,$c1756]
=300  \\$a1 map ;$c36 x 23 cm
=336  \\$acartographic image$2rdacontent
=337  \\$aunmediated$2rdamedia
=338  \\$asheet$2rdacarrier
=500  \\$aPublished in History of London by W. Maitland, 1756, vol. 2.
=500  \\$aDate in imprint taken from London illustrated, B. Adams.
=500  \\$aAttributed to John Rocque in A catalogue of maps, plans and views of London, Westminster and Southwark collected and arranged by Frederick Crace, 1878.
=510  4\$aCrace, John Gregory, A catalogue of maps, plans and views of London, Westminster and Southwark collected and arranged by Frederick Crace (1878),$cno. 4, p. 73
=510  4\$aAdams, Bernard, London illustrated (1983),$b1604-1851,$cno. 38 (86), p. 101
=510  4\$aWorms, Laurence, Baynton-Williams, Ashley. British map engravers: a dictionary of engravers, lithographers and their principal employers,$bto 1850,$cp. 153
=520  \\$aJohn Rocque developed his surveying talent at a young age, making plans of the great houses and gardens of the nobility. This early experience led to him taking up large-scale surveying, producing plans such as this one of Westminster. Here, Tottenham Court and Marylebone are mostly fields but Westminster has grown sufficiently to demand the construction of a new bridge. Westminster Bridge was opened in 1750 and watermen were paid £25,000 in compensation as the new bridge made them largely redundant. The Chelsea Water Works Company, shown south of Totthill Fields, was set up to improve water supply to Westminster and 'parts adjacent'. The Company were the first to introduce slow sand filtration to purify Thames water.
=651  \0$aWestminster (London, England)$vMaps$vEarly works to 1800.
=651  \0$aLondon (England)$vMaps$vEarly works to 1800.
=655  \7$aEarly maps.$2fast$0(OCoLC)fst01752681
=700  1\$aCrace, Frederick,$d1779-1859,$eformer owner.
=700  1\$aCrace, John Gregory,$d1809-1889,$edonor.
=700  1\$aRocque, John,$d-1762.
=852  41$aBritish Library$bMAPS$jMaps Crace Port. 11.4
=856  41$3Copy at Maps Crace Port. 11.4$uhttp://www.bl.uk/onlinegallery/onlineex/crace/a/007zzz000000011u00004000.html$yDigitised map
=985  \\$aUpgraded from BL georeferencer data 2022-11-17.
=985  \\$aRecord amended for WR1606-1727
=985  \\$aUpdated by MS generated file for WR2302-017
=CAT  \\$a12842$b40$c20130103$lBLL01$h1439
=CAT  \\$aWR13.117$c20130718$lBLL01$h1854
=CAT  \\$a12842$b40$c20131007$lBLL01$h1203
=CAT  \\$aW1606-1727$c20160825$lBLL01$h1742
=CAT  \\$a14185$b40$c20221201$lBLL01$h1548
=CAT  \\$a14185$b40$c20221202$lBLL01$h1413
=CAT  \\$aW2302-0174$c20230223$lBLL01$h1959
=FIN  \\$aY$d20130103
=FMT  \\$a  MP
=LAS  \\$aW2302-0174$b00$c20230223$lBLL01$h1959

