=LDR  02660cem a2200565 a 4500
=001  016240987
=003  Uk
=005  20221204192549.0
=007  aj\aanzn
=008  130104q1690\\\\enk||||||\a\\\\\0\\\eng|\
=034  1\$aa$b6200$dW0015052$eW0015246$fN0513013$gN0512936$2bound
=040  \\$aUk$beng$cUk$dUk
=042  \\$aukblsr
=082  04$a912.42132$223
=100  1\$aMorden, Robert,$dapproximately 1650-1703.
=245  10$a[Plan of the parish of St Margaret, Westminster].
=255  \\$aScale approximately 1:3,750$c(W 1°50'52"--W 1°52'46"/N 51°30'13"--N 51°29'36").
=260  \\$c[ca. 1690]
=300  \\$a1 map ;$c20 x 32 cm
=336  \\$acartographic image$2rdacontent
=337  \\$aunmediated$2rdamedia
=338  \\$asheet$2rdacarrier
=500  \\$aDate in imprint, title and authors' names taken from A catalogue of maps, plans and views of London, Westminster and Southwark collected and arranged by Frederick Crace, 1878.
=500  \\$aIncludes table of reference, left corner.
=500  \\$aProminent buildings shown pictorially.
=510  4\$aCrace, John Gregory, A catalogue of maps, plans and views of London, Westminster and Southwark collected and arranged by Frederick Crace (1878),$cno. 6, p. 73
=510  4\$aScott, Valerie. Tooley's dictionary of mapmakers K-P (2003),$cpp. 102-103 ; p. 278
=520  \\$aThe Abbey, Manchester House and the parish church are shown in elevation. The Decoy in St James' Park is shown.
=650  \0$aParishes$zEngland$zLondon$vMaps$vEarly works to 1800.
=651  \0$aWestminster (London, England)$vMaps$vEarly works to 1800.
=651  \0$aLondon (England)$vMaps$vEarly works to 1800.
=700  1\$aCrace, Frederick,$d1779-1859,$eformer owner.
=700  1\$aCrace, John Gregory,$d1809-1889,$edonor.
=700  1\$aLea, Philip,$dactive 1683-1700.
=852  41$aBritish Library$bMAPS$jMaps Crace Port. 11.6
=856  41$3Copy at Maps Crace Port. 11.6$uhttp://www.bl.uk/onlinegallery/onlineex/crace/p/007zzz000000011u00006000.html$yDigitised map
=985  \\$aUpgraded from BL georeferencer data 2022-11-17.
=985  \\$aRecord amended for WR# 13/070
=985  \\$aRecord amended for WR1606-1727
=CAT  \\$a12842$b40$c20130104$lBLL01$h1134
=CAT  \\$aWR13_070$b00$c20130504$lBLL01$h0341
=CAT  \\$aWR13.117$c20130718$lBLL01$h1854
=CAT  \\$a12842$b40$c20131007$lBLL01$h1328
=CAT  \\$aBATCH-UPD$b40$c20140523$lBLL01$h2118
=CAT  \\$aW1606-1727$c20160825$lBLL01$h1743
=CAT  \\$a14185$b40$c20221201$lBLL01$h1756
=CAT  \\$a14185$b40$c20221204$lBLL01$h1925
=FIN  \\$aY$d20130104
=FMT  \\$a  MP
=LAS  \\$a14185$b40$c20221204$lBLL01$h1925

