=LDR  03665cem a2200613 a 4500
=001  016241090
=003  Uk
=005  20230223161658.0
=007  aj\aanzn
=008  130104q1720\\\\enk||||||\a\\\\\0\\\eng|\
=034  1\$aa$b3750$dW0015136$eW0015234$fN0513015$gN0512932$2bound
=040  \\$aUk$beng$cUk$dUk
=082  04$a912.42132$223
=100  1\$aBlome, Richard,$d-1705.
=245  12$aA mapp of the parish of St Margarets, Westminster :$btaken from the last survey, with corrections.
=255  \\$aScale approximately 1:3,750$c(W 1°51'36"--W 1°52'34"/N 51°30'15"--N 51°29'32").
=260  \\$a[London,$c1720]
=300  \\$a1 map ;$c36 x 30 cm
=336  \\$acartographic image$2rdacontent
=337  \\$aunmediated$2rdamedia
=338  \\$asheet$2rdacarrier
=500  \\$aFrom J. Strype's edition of J. Stow's Survey of the Cities of London and Westminster and borough of Southwark ..., published in 1720.
=500  \\$aIn cartouche below title Blome's details added in pencil. Top right corner engraved: V1, B6, P67.
=500  \\$aIncludes table of reference.
=500  \\$aProminent buildings shown pictorially.
=510  4\$aCrace, John Gregory, A catalogue of maps, plans and views of London, Westminster and Southwark collected and arranged by Frederick Crace (1878),$cno. 7, p. 74
=510  4\$aFrench, Josephine. Tooley's dictionary of mapmakers A-D (1999),$cp. 151
=510  4\$aWorms, Laurence, Baynton-Williams, Ashley. British map engravers: a dictionary of engravers, lithographers and their principal employers,$bto 1850,$cpp. 90-91
=520  \\$aThis is John Strype's first edition of Stow's survey. John Stow was a retired sailor who dedicated his retirement to gathering information from records and residents of the Georgian city. The survey extended to include London and Westminster in their entirety, capturing London between Restoration and eighteenth-century developments. The land on Mill Bank is denoted 'Marshy Ground'. Renowned for its unhealthy damp atmosphere,it would become the site of the infamous Millbank Penitentiary, and later Tate Britain. Above this a 'New Church' is in the process of completion. This would become St John's. Although the survey proved popular, Stow died in poverty at the age of 80, having been granted licence to beg by James I.
=650  \0$aParishes$zEngland$zLondon$vMaps.
=651  \0$aLondon (England)$vMaps$vEarly works to 1800.
=651  \0$aWestminster (London, England)$vMaps$vEarly works to 1800.
=655  \7$aEarly maps.$2fast$0(OCoLC)fst01752681
=700  1\$aCrace, Frederick,$d1779-1859,$eformer owner.
=700  1\$aCrace, John Gregory,$d1809-1889,$edonor.
=852  41$aBritish Library$bMAPS$jMaps Crace Port. 11.7.(1.)
=856  41$3Copy at Maps Crace Port. 11.7.(1.)$uhttp://www.bl.uk/onlinegallery/onlineex/crace/a/007zzz000000011u000070a0.html$yDigitised map
=985  \\$aUpgraded from BL georeferencer data 2022-11-17.
=985  \\$aRecord amended for WR# 13/070
=985  \\$aRecord amended for WR1606-1727
=985  \\$aUpdated by MS generated file for WR2302-017
=CAT  \\$a12842$b40$c20130104$lBLL01$h1407
=CAT  \\$a12842$b40$c20130104$lBLL01$h1414
=CAT  \\$aWR13_070$b00$c20130504$lBLL01$h0341
=CAT  \\$aWR13.117$c20130718$lBLL01$h1854
=CAT  \\$a12842$b40$c20131007$lBLL01$h1333
=CAT  \\$a12842$b40$c20131007$lBLL01$h1334
=CAT  \\$aW1606-1727$c20160825$lBLL01$h1743
=CAT  \\$a14185$b40$c20221201$lBLL01$h1549
=CAT  \\$a14185$b40$c20221202$lBLL01$h1413
=CAT  \\$aW2302-0174$c20230223$lBLL01$h1959
=FIN  \\$aY$d20130104
=FMT  \\$a  MP
=LAS  \\$aW2302-0174$b00$c20230223$lBLL01$h1959

