=LDR  02937cfm a2200553 a 4500
=001  016241183
=003  Uk
=005  20230223161658.0
=007  aj\canzn
=008  130104q1828\\\\enk||||||\a\\\\\0\\\eng|\
=034  1\$aa$b2050$dW0015126$eW0015244$fN0513019$gN0512910$2bound
=040  \\$aUk$beng$cUk$dUk
=042  \\$aukblsr
=082  04$a912.42132$223
=100  1\$aTaylor, J. H.
=245  12$aA plan of the streets in the united parishes of St Margaret & St John the Evangelist, Westminster :$bfrom a survey made by /$cI. H. Taylor. No. 22 Parliament Street.
=255  \\$aScale approximately 1:2,050$c(W 1°51'26"--W 1°52'44"/N 51°30'19"--N 51°29'10").
=260  \\$a[London] :$bI. H. Taylor. No. 22 Parliament Street,$c1828.
=300  \\$a1 map :$bhand col. ;$c70 x 98 cm
=336  \\$acartographic image$2rdacontent
=337  \\$aunmediated$2rdamedia
=338  \\$asheet$2rdacarrier
=500  \\$aPen and ink with wash on paper.
=500  \\$aBoundaries outlined in colour; St Margaret in blue, St James' parish in pink and the Tothill Fields District in red.
=500  \\$aIn 1727 parish of St Margaret was split to create a new parish of St John the Evangelist for civil and ecclesiastical purposes.
=510  4\$aCrace, John Gregory, A catalogue of maps, plans and views of London, Westminster and Southwark collected and arranged by Frederick Crace (1878),$cno. 9, p. 74
=510  4\$aScott, Valerie. Tooley's dictionary of mapmakers Q-Z (2004),$cp. 254
=520  \\$aPlan of the parishes of St Margaret's, outlined in blue line, and St James', delineated in pink, Westminster. A thin red line shows the boundary of the Tothill Fields District. The large 6-petal structure depicted at lower left is Millbank Penitentiary, built in response to requests for prison reform and finally completed in 1821.
=650  \0$aParishes$zEngland$zLondon$vMaps.
=651  \0$aWestminster (London, England)$vMaps.
=651  \0$aLondon (England)$vMaps.
=655  \7$aMaps.$2fast$0(OCoLC)fst01423704
=700  1\$aCrace, Frederick,$d1779-1859,$eformer owner.
=700  1\$aCrace, John Gregory,$d1809-1889,$edonor.
=852  41$aBritish Library$bMAPS$jMaps Crace Port. 11.9
=856  41$3Copy at Maps Crace Port. 11.9$uhttp://www.bl.uk/onlinegallery/onlineex/crace/a/007000000000011u00009000.html$yDigitised map
=985  \\$aUpgraded from BL georeferencer data 2022-11-17.
=985  \\$aRecord amended for WR1606-1727
=985  \\$aUpdated by MS generated file for WR2302-017
=CAT  \\$a12842$b40$c20130104$lBLL01$h1606
=CAT  \\$aWR13.117$c20130718$lBLL01$h1854
=CAT  \\$a12842$b40$c20131007$lBLL01$h1351
=CAT  \\$aW1606-1727$c20160825$lBLL01$h1742
=CAT  \\$a14185$b40$c20221201$lBLL01$h1549
=CAT  \\$a14185$b40$c20221202$lBLL01$h1414
=CAT  \\$aW2302-0174$c20230223$lBLL01$h1959
=FIN  \\$aY$d20130104
=FMT  \\$a  MP
=LAS  \\$aW2302-0174$b00$c20230223$lBLL01$h1959

