=LDR  03236cem a2200601 a 4500
=001  016241200
=003  Uk
=005  20230223161658.0
=007  aj\aanzn
=008  130104s1807\\\\enk||||||\a\\\\\0\\\eng|\
=034  1\$aa$dW0015221$eW0015237$fN0513012$gN0513001$2bound
=040  \\$aUk$beng$cUk$dUk
=042  \\$aukblsr
=082  04$a912.42132$223
=100  1\$aSmith, John Thomas,$d1766-1833.
=245  13$a[A plan of St Margaret's parish, Westminster, showing the improvements of Parliament Street & St George Street, taken between 1734 & 1748].
=255  \\$aScale not given$c(W 1°52'21"--W 1°52'37"/N 51°30'12"--N 51°30'01").
=260  \\$aLondon :$bpublished by John Thomas Smith, No. 31 Castle Street, East Oxford Street,$cNovr. 10 1807.
=300  \\$a1 map ;$c18 x 27 cm
=336  \\$acartographic image$2rdacontent
=337  \\$aunmediated$2rdamedia
=338  \\$asheet$2rdacarrier
=500  \\$aTitle taken from pen annotation above plan.
=500  \\$aFrom Antiquities of Westminster published by John Thomas Smith in 1807.
=500  \\$aEngraved from a drawing presented to the Commissioners of Westminster Bridge by Sir Christopher Willoughby.
=500  \\$aShows parts of St Margaret's parish before development. Parliament Street and Bridge Street indicated by pecked line.
=510  4\$aCrace, John Gregory, A catalogue of maps, plans and views of London, Westminster and Southwark collected and arranged by Frederick Crace (1878),$cno. 10, p. 74
=510  4\$aWorms, Laurence, Baynton-Williams, Ashley. British map engravers: a dictionary of engravers, lithographers and their principal employers,$bto 1850,$cp. 617
=520  \\$aThis is a map showing the area south of King's Street before the development of Parliament Street. The building marked 'A' was pulled down in 1806, with others, to create space around St Margaret's Church and the abbey. The dotted lines that are superimposed on the map show Parliament Street and Bridge Street.
=650  \0$aParishes$zEngland$zLondon$vMaps.
=651  \0$aWestminster (London, England)$vMaps.
=651  \0$aLondon (England)$vMaps.
=655  \7$aMaps.$2fast$0(OCoLC)fst01423704
=700  1\$aCrace, Frederick,$d1779-1859,$eformer owner.
=700  1\$aCrace, John Gregory,$d1809-1889,$edonor.
=852  41$aBritish Library$bMAPS$jMaps Crace Port. 11.10
=856  41$3Copy at Maps Crace Port. 11.10$uhttp://www.bl.uk/onlinegallery/onlineex/crace/a/007zzz000000011u00010000.html$yDigitised map
=985  \\$aUpgraded from BL georeferencer data 2022-11-17.
=985  \\$aRecord amended for WR1606-1727
=985  \\$aUpdated by MS generated file for WR2302-017
=CAT  \\$a12842$b40$c20130104$lBLL01$h1719
=CAT  \\$a12842$b40$c20130109$lBLL01$h1122
=CAT  \\$a12842$b40$c20130111$lBLL01$h1040
=CAT  \\$a12842$b40$c20130111$lBLL01$h1042
=CAT  \\$aWR13.117$c20130718$lBLL01$h1854
=CAT  \\$a12842$b40$c20131007$lBLL01$h1353
=CAT  \\$aW1606-1727$c20160825$lBLL01$h1742
=CAT  \\$a14185$b40$c20221201$lBLL01$h1549
=CAT  \\$a14185$b40$c20221202$lBLL01$h1415
=CAT  \\$aW2302-0174$c20230223$lBLL01$h1959
=FIN  \\$aY$d20130104
=FMT  \\$a  MP
=LAS  \\$aW2302-0174$b00$c20230223$lBLL01$h1959

