=LDR  02739cem a2200541 a 4500
=001  016245310
=003  Uk
=005  20230223161659.0
=007  aj\aanzn
=008  130107s1807\\\\enk||||||\a\\\\\0\\\eng|\
=034  0\$aa
=040  \\$aUk$beng$cUk$dUk
=042  \\$aukblsr
=082  04$a912.42132$223
=100  1\$aSmith, John Thomas,$d1766-1833.
=245  12$aA plan of Peterborough House lately the residence of the present Earl Grosvenor; with the gardens &c. belonging thereto, together with the grounds adjacent, as they appeared between the years 1734 & 1748; from a plan in possession of John Clementson Esq.
=255  \\$aScale not given.
=260  \\$aLondon :$bpublished by J[ohn] Thomas Smith, No. 31 Castle Street, East Oxford Street,$cOctober 12th 1807.
=300  \\$a1 map ;$c25 x 21 cm
=336  \\$acartographic image$2rdacontent
=337  \\$aunmediated$2rdamedia
=338  \\$asheet$2rdacarrier
=500  \\$aFrom Antiquities of Westminster published by John Thomas Smith in 1807.
=500  \\$aShows parts of St John parish. Position of the Horse Ferry, the only form of communication with Lambeth across the river before the construction of Westminster Bridge, indicated by letter A.
=500  \\$aLow watermark on the Thames indicated by pecked line.
=510  4\$aCrace, John Gregory, A catalogue of maps, plans and views of London, Westminster and Southwark collected and arranged by Frederick Crace (1878),$cno. 12, p. 74
=510  4\$aWorms, Laurence, Baynton-Williams, Ashley. British map engravers: a dictionary of engravers, lithographers and their principal employers,$bto 1850,$cp. 617
=650  \0$aReal property$zEngland$zLondon$vMaps.
=651  \0$aWestminster (London, England)$vMaps.
=651  \0$aLondon (England)$vMaps.
=655  \7$aMaps.$2fast$0(OCoLC)fst01423704
=700  1\$aCrace, Frederick,$d1779-1859,$eformer owner.
=700  1\$aCrace, John Gregory,$d1809-1889,$edonor.
=852  41$aBritish Library$bMAPS$jMaps Crace Port. 11.12.(1.)
=856  41$3Copy at Maps Crace Port. 11.12.(1.)$uhttp://www.bl.uk/onlinegallery/onlineex/crace/p/007zzz000000011u00012000.html$yDigitised map
=985  \\$aRecord amended for WR1606-1727
=985  \\$aUpdated by MS generated file for WR2302-017
=CAT  \\$a12842$b40$c20130107$lBLL01$h1308
=CAT  \\$a12842$b40$c20130107$lBLL01$h1332
=CAT  \\$a12842$b40$c20130111$lBLL01$h1046
=CAT  \\$aWR13.117$c20130718$lBLL01$h1854
=CAT  \\$a12842$b40$c20131007$lBLL01$h1400
=CAT  \\$a12842$b40$c20131007$lBLL01$h1403
=CAT  \\$aW1606-1727$c20160825$lBLL01$h1742
=CAT  \\$aW2302-0174$c20230223$lBLL01$h1959
=FIN  \\$aY$d20130107
=FMT  \\$a  MP
=LAS  \\$aW2302-0174$b00$c20230223$lBLL01$h1959

