=LDR  02695cfm a2200529 a 4500
=001  016245601
=003  Uk
=005  20230223161659.0
=007  aj\canzn
=008  130107q1815\\\\xx\||||||\a\\\\\0\\\eng|\
=034  1\$aa$dW0015156$eW0015229$fN0512934$gN0512911$2bound
=040  \\$aUk$beng$cUk$dUk
=042  \\$aukblsr
=082  04$a912.42132$223
=245  00$aPlan of an estate situate [sic] at Millbank, Westminster belonging to the Marquis of Salisbury.
=255  \\$aScale not given$c(W 1°51'56"--W 1°52'29"/N 51°29'34"--N 51°29'11").
=260  \\$c[ca. 1815]
=300  \\$a1 map :$bhand col. ;$c44 x 66 cm
=336  \\$acartographic image$2rdacontent
=337  \\$aunmediated$2rdamedia
=338  \\$asheet$2rdacarrier
=500  \\$aPen and ink with wash on paper.
=500  \\$aUnsigned and undated; note above the plan: Copied from the original plan in possessionof the Woods and Forests, 1780.
=500  \\$aPremises numbered and lettered for reference. Accompanied by a register of tenants including lease and rent details.
=510  4\$aCrace, John Gregory, A catalogue of maps, plans and views of London, Westminster and Southwark collected and arranged by Frederick Crace (1878),$cno. 13, p. 74
=520  \\$aSouth of Tothill Fields lies the estate of The Marquis of Salisbury. The estate had about 30 tenants, each of whom are recorded in a reference list in the top right hand corner. This plan has been copied from an original in the possession of the Commission for Woods and Forests. Land use is indicated by various shades of green and stippling.
=650  \0$aReal property$zEngland$zLondon$vMaps.
=651  \0$aLondon (England)$vMaps.
=651  \0$aWestminster (London, England)$vMaps.
=655  \7$aMaps.$2fast$0(OCoLC)fst01423704
=700  1\$aCrace, Frederick,$d1779-1859,$eformer owner.
=700  1\$aCrace, John Gregory,$d1809-1889,$edonor.
=852  41$aBritish Library$bMAPS$jMaps Crace Port. 11.13
=856  41$3Copy at Maps Crace Port. 11.13$uhttp://www.bl.uk/onlinegallery/onlineex/crace/p/007zzz000000011u00013000.html$yDigitised map
=985  \\$aUpgraded from BL georeferencer data 2022-11-17.
=985  \\$aRecord amended for WR1606-1727
=985  \\$aUpdated by MS generated file for WR2302-017
=CAT  \\$a12842$b40$c20130107$lBLL01$h1659
=CAT  \\$aWR13.117$c20130718$lBLL01$h1854
=CAT  \\$a12842$b40$c20131007$lBLL01$h1405
=CAT  \\$aW1606-1727$c20160825$lBLL01$h1742
=CAT  \\$a14185$b40$c20221201$lBLL01$h1756
=CAT  \\$a14185$b40$c20221204$lBLL01$h1926
=CAT  \\$aW2302-0174$c20230223$lBLL01$h1959
=FIN  \\$aY$d20130107
=FMT  \\$a  MP
=LAS  \\$aW2302-0174$b00$c20230223$lBLL01$h1959

