=LDR  02573cem a2200529 a 4500
=001  016245781
=003  Uk
=005  20230223161659.0
=007  aj\aanzn
=008  130108q1836\\\\xx\||||||\a\\\\\0\\\eng|\
=034  0\$aa
=040  \\$aUk$beng$cUk$dUk
=042  \\$aukblsr
=082  04$a912.42132$223
=100  10$aAbraham, Robert,$d1773-1850.
=245  10$aWestminster New Bridewell :$bground story plan /$cRobert Abraham, architect. 1834.
=255  \\$aScale not given.
=260  \\$c[1836]
=300  \\$a1 map ;$c48 x 81 cm
=336  \\$acartographic image$2rdacontent
=337  \\$aunmediated$2rdamedia
=338  \\$asheet$2rdacarrier
=500  \\$aDate in imprint taken from A catalogue of maps, plans and views of London, Westminster and Southwark collected and arranged by Frederick Crace, 1878.
=500  \\$aSupplies ground plan of Westminster New Bridewell prison (also known as Tothill Fields Prison). Aeras numbered for reference. Includes tables of references, left and right margin.
=500  \\$aIn 1834 the original Bridewell was replaced by a larger prison designed by Robert Abraham and built on a different site. The second prison was closed in 1877 and demolished in 1885. Westminster Cathedral now stands on the site.
=510  4\$aCrace, John Gregory, A catalogue of maps, plans and views of London, Westminster and Southwark collected and arranged by Frederick Crace (1878),$cno. 14, p. 74
=650  \0$aArchitecture$zEngland$zLondon$vDesigns and plans.
=650  \0$aPublic buildings$zEngland$zLondon$vDesigns and plans.
=650  \0$aPrisons$zEngland$zLondon$vDesigns and plans.
=651  \0$aWestminster (London, England)$vMaps.
=651  \0$aLondon (England)$vMaps.
=655  \7$aMaps.$2fast$0(OCoLC)fst01423704
=700  1\$aCrace, Frederick,$d1779-1859,$eformer owner.
=700  1\$aCrace, John Gregory,$d1809-1889,$edonor.
=852  41$aBritish Library$bMAPS$jMaps Crace Port. 11.14
=856  41$3Copy at Maps Crace Port. 11.14$uhttp://www.bl.uk/onlinegallery/onlineex/crace/w/007zzz000000011u00014000.html$yDigitised map
=985  \\$aRecord amended for WR1606-1727
=985  \\$aUpdated by MS generated file for WR2302-017
=CAT  \\$a12842$b40$c20130108$lBLL01$h1041
=CAT  \\$aWR13.117$c20130718$lBLL01$h1854
=CAT  \\$a12842$b40$c20131007$lBLL01$h1408
=CAT  \\$aBATCH-UPD$b40$c20160224$lBLL01$h1706
=CAT  \\$aW1606-1727$c20160825$lBLL01$h1742
=CAT  \\$aW2302-0174$c20230223$lBLL01$h1959
=FIN  \\$aY$d20130108
=FMT  \\$a  MP
=LAS  \\$aW2302-0174$b00$c20230223$lBLL01$h1959

