=LDR  03408cem a2200601 a 4500
=001  016246065
=003  Uk
=005  20230223161659.0
=007  aj\aanzn
=008  130108q1836\\\\enk||||||\a\\\\\0\\\eng|\
=034  1\$aa$dW0015206$eW0015257$fN0513029$gN0512940$2bound
=040  \\$aUk$beng$cUk$dUk
=042  \\$aukblsr
=082  04$a912.42132$223
=100  1\$aHawksmoor, Nicholas,$d1661-1736.
=245  14$aThe plan of ye City of Westminster /$cN. Hawksmoor invt. ; B. Cole scup.
=255  \\$aScale not given$c(W 1°52'06"--W 1°52'57"/N 51°30'29"--N 51°29'40").
=260  \\$a[London,$c1736]
=300  \\$a1 map ;$c28 x 40 cm
=336  \\$acartographic image$2rdacontent
=337  \\$aunmediated$2rdamedia
=338  \\$asheet$2rdacarrier
=500  \\$aFrom A short historical account of London Bridge; with a proposition for a new stone-bridge at Westminster ... by Nicholas Hawksmoor, first published in 1736. Date in imprint taken from the title page.
=500  \\$aShows five proposed positions for the new bridge at Westminster. Lettered for reference with key below plan.
=500  \\$aThe scheme to build a new bridge received parliamentary approval in 1736. Westminster Bridge was built between 1739-1750 to the design of the Swiss architect Charles Labelye.
=510  4\$aCrace, John Gregory, A catalogue of maps, plans and views of London, Westminster and Southwark collected and arranged by Frederick Crace (1878),$cno. 15, p. 74
=510  4\$aWorms, Laurence, Baynton-Williams, Ashley. British map engravers: a dictionary of engravers, lithographers and their principal employers,$bto 1850,$cp. 153
=520  \\$aDue to the growth of the area in the 18th century, a bridge at Westminster became necessary. This plan shows suggested locations for the building of a bridge. The five locations proposed are: 'A', the Horse Ferry on Millbank; 'B', College Street or the Slaughter House; 'C', the wool stable opposite New Place Yard; 'D', Stephen's Alley; 'E', Whitehall. There are evident concerns about the Whitehall location being too near the 'elbow' of the river.
=650  \0$aCity planning$zEngland$zLondon$vMaps.
=650  \0$aBridges$zEngland$zThames River$vMaps.
=651  \0$aWestminster (London, England)$vMaps.
=651  \0$aLondon (England)$vMaps.
=655  \7$aMaps.$2fast$0(OCoLC)fst01423704
=700  1\$aCrace, Frederick,$d1779-1859,$eformer owner.
=700  1\$aCrace, John Gregory,$d1809-1889,$edonor.
=700  1\$aCole, Benjamin,$d1697?-1783.
=852  41$aBritish Library$bMAPS$jMaps Crace Port. 11.15
=856  41$3Copy at Maps Crace Port. 11.15$uhttp://www.bl.uk/onlinegallery/onlineex/crace/t/007zzz000000011u00015000.html$yDigitised map
=985  \\$aUpgraded from BL georeferencer data 2022-11-17.
=985  \\$aRecord amended for WR1606-1727
=985  \\$aUpdated by MS generated file for WR2302-017
=CAT  \\$a12842$b40$c20130108$lBLL01$h1353
=CAT  \\$a12842$b40$c20130108$lBLL01$h1700
=CAT  \\$a12842$b40$c20130109$lBLL01$h1105
=CAT  \\$aWR13.117$c20130718$lBLL01$h1854
=CAT  \\$a12842$b40$c20131007$lBLL01$h1411
=CAT  \\$aW1606-1727$c20160825$lBLL01$h1742
=CAT  \\$a14185$b40$c20221201$lBLL01$h1757
=CAT  \\$a14185$b40$c20221204$lBLL01$h1927
=CAT  \\$aW2302-0174$c20230223$lBLL01$h1959
=FIN  \\$aY$d20130108
=FMT  \\$a  MP
=LAS  \\$aW2302-0174$b00$c20230223$lBLL01$h1959

