=LDR  03186cem a2200577 a 4500
=001  016247342
=003  Uk
=005  20230223161700.0
=007  aj\aanzn
=008  130109q1738\\\\xx\||||||\a\\\\\0\\\eng|\
=034  1\$aa$dW0015223$eW0015238$fN0513012$gN0513000$2bound
=040  \\$aUk$beng$cUk$dUk
=042  \\$aukblsr
=082  04$a912.42132$223
=245  02$aA plan of part of Westminster, from the Hall to the Plantation Office /$ctaken from an actual survey.
=255  \\$aScale not given$c(W 1°52'23"--W 1°52'38"/N 51°30'12"--N 51°30'00").
=260  \\$c[1738]
=300  \\$a1 map ;$c19 x 34 cm
=336  \\$acartographic image$2rdacontent
=337  \\$aunmediated$2rdamedia
=338  \\$asheet$2rdacarrier
=500  \\$aUnsigned and undated. Date in imprint taken from A catalogue of maps, plans and views of London, Westminster and Southwark collected and arranged by Frederick Crace, 1878.
=500  \\$aShows the new bridge at Westminster and proposed development to parts of St Margaret's parish with explanation below title.
=500  \\$aThe scheme to build a new bridge received parliamentary approval in 1736. Westminster Bridge was built between 1739-1750 to the design of the Swiss architect Charles Labelye.
=510  4\$aCrace, John Gregory, A catalogue of maps, plans and views of London, Westminster and Southwark collected and arranged by Frederick Crace (1878),$cno. 16, p. 75
=520  \\$aThe pricked lines show the boundary of Westminster as it was in 1738. Single pricked lines are houses to be pulled down, while double pricked lines are houses to remain as they are. Shaded blocks are the new houses, with the darker border of these indicating their frontage. Westminster Bridge is annotated 'if it is so approved by Parliament'.
=650  \0$aArchitecture$zEngland$zLondon$vDesigns and plans$vEarly works to 1800.
=650  \0$aCity planning$zEngland$zLondon$vMaps$vEarly works to 1800.
=651  \0$aWestminster (London, England)$vMaps$vEarly works to 1800.
=651  \0$aLondon (England)$vMaps$vEarly works to 1800.
=655  \7$aMaps.$2fast$0(OCoLC)fst01423704
=700  1\$aCrace, Frederick,$d1779-1859,$eformer owner.
=700  1\$aCrace, John Gregory,$d1809-1889,$edonor.
=852  41$aBritish Library$bMAPS$jMaps Crace Port. 11.16
=856  41$3Copy at Maps Crace Port. 11.16$uhttp://www.bl.uk/onlinegallery/onlineex/crace/a/007zzz000000011u00016000.html$yDigitised map
=985  \\$aUpgraded from BL georeferencer data 2022-11-17.
=985  \\$aRecord amended for WR1606-1727
=985  \\$aUpdated by MS generated file for WR2302-017
=CAT  \\$a12842$b40$c20130109$lBLL01$h1100
=CAT  \\$a12842$b40$c20130109$lBLL01$h1104
=CAT  \\$a12842$b40$c20130109$lBLL01$h1105
=CAT  \\$a12842$b40$c20130109$lBLL01$h1122
=CAT  \\$aWR13.117$c20130718$lBLL01$h1854
=CAT  \\$a12842$b40$c20131007$lBLL01$h1414
=CAT  \\$aW1606-1727$c20160825$lBLL01$h1743
=CAT  \\$a14185$b40$c20221201$lBLL01$h1757
=CAT  \\$a14185$b40$c20221204$lBLL01$h1928
=CAT  \\$aW2302-0174$c20230223$lBLL01$h1959
=FIN  \\$aY$d20130109
=FMT  \\$a  MP
=LAS  \\$aW2302-0174$b00$c20230223$lBLL01$h1959

