=LDR  03127cem a2200577 a 4500
=001  016247377
=003  Uk
=005  20230223161700.0
=007  aj\aanzn
=008  130109q1739\\\\xx\||||||\a\\\\\0\\\eng|\
=034  1\$aa$b2270$dW0015206$eW0015236$fN0513015$gN0512939$2bound
=040  \\$aUk$beng$cUk$dUk
=042  \\$aukblsr
=082  04$a912.42132$223
=100  1\$aLediard, Thomas,$d1685-1743.
=245  12$aA plan of the lower parts of the parish of St Margaret and St Iohn the Evangelist, Westminster, from the horse ferry to Whitehall, taken from an actual survey /$cT. Lediard inv. & del.
=255  \\$aScale approximately 1:2,270$c(W 1°52'06"--W 1°52'36"/N 51°30'15"--N 51°29'39").
=260  \\$c[1739]
=300  \\$a1 map ;$c27 x 48 cm
=336  \\$acartographic image$2rdacontent
=337  \\$aunmediated$2rdamedia
=338  \\$asheet$2rdacarrier
=500  \\$aDate in imprint taken from A catalogue of maps, plans and views of London, Westminster and Southwark collected and arranged by Frederick Crace, 1878.
=500  \\$aShows proposed development to parts of St Margaret's parish with the new bridge at Westminster. Some landmarks lettered for reference.
=500  \\$aThomas Lediard served as surveyor to Westminster Bridge between 1738-1743, at his death succeeded by his son, Thomas Lediard Junior.
=510  4\$aCrace, John Gregory, A catalogue of maps, plans and views of London, Westminster and Southwark collected and arranged by Frederick Crace (1878),$cno. 17, p. 75
=510  4\$aScott, Valerie. Tooley's dictionary of mapmakers K-P (2003),$cpp. 107-108
=510  4\$aWorms, Laurence, Baynton-Williams, Ashley. British map engravers: a dictionary of engravers, lithographers and their principal employers,$bto 1850,$cpp. 396-397
=520  \\$aThis map shows developments around Westminster Abbey and on the bank of the Thames.
=650  \0$aCity planning$zEngland$zLondon$vMaps$vEarly works to 1800.
=650  \0$aParishes$zEngland$zLondon$vMaps$vEarly works to 1800.
=651  \0$aWestminster (London, England)$vMaps$vEarly works to 1800.
=651  \0$aLondon (England)$vMaps$vEarly works to 1800.
=655  \7$aEarly maps.$2fast$0(OCoLC)fst01752681
=700  1\$aCrace, Frederick,$d1779-1859,$eformer owner.
=700  1\$aCrace, John Gregory,$d1809-1889,$edonor.
=852  41$aBritish Library$bMAPS$jMaps Crace Port. 11.17
=856  41$3Copy at Maps Crace Port. 11.17$uhttp://www.bl.uk/onlinegallery/onlineex/crace/a/007zzz000000011u00017000.html$yDigitised map
=985  \\$aUpgraded from BL georeferencer data 2022-11-17.
=985  \\$aRecord amended for WR1606-1727
=985  \\$aUpdated by MS generated file for WR2302-017
=CAT  \\$a12842$b40$c20130109$lBLL01$h1131
=CAT  \\$aWR13.117$c20130718$lBLL01$h1854
=CAT  \\$a12842$b40$c20131007$lBLL01$h1416
=CAT  \\$aW1606-1727$c20160825$lBLL01$h1743
=CAT  \\$a14185$b40$c20221201$lBLL01$h1757
=CAT  \\$a14185$b40$c20221204$lBLL01$h1928
=CAT  \\$aW2302-0174$c20230223$lBLL01$h1959
=FIN  \\$aY$d20130109
=FMT  \\$a  MP
=LAS  \\$aW2302-0174$b00$c20230223$lBLL01$h1959

