=LDR  03714cfm a2200589 a 4500
=001  016247702
=003  Uk
=005  20230223161700.0
=007  aj\canzn
=008  130109q1740\\\\xx\||||||\a\\\\\0\\\eng|\
=034  1\$aa$b1020$dW0015208$eW0015234$fN0513016$gN0512950$2bound
=040  \\$aUk$beng$cUk$dUk
=042  \\$aukblsr
=082  04$a912.42132$223
=100  1\$aLediard, Thomas,$d1685-1743.
=245  12$aA plan of part of the ancient City of Westminster, from College Street to Whitehall and from the Thames to St James's Park in which are delineated the new streets, laid down and intended to be built by order of the right honourable &c the Commissioners for building a bridge at Westminster /$csurvey'd A[nn]o 1740 by Thomas Lediard Esqr. agent and surveyor of ye streets & ways for ye said Commissioners.
=255  \\$aScale approximately 1:1,020$c(W 1°52'08"--W 1°52'34"/N 51°30'16"--N 51°29'50").
=260  \\$c1740.
=300  \\$a1 map :$bhand col. ;$c48 x 73 cm
=336  \\$acartographic image$2rdacontent
=337  \\$aunmediated$2rdamedia
=338  \\$asheet$2rdacarrier
=500  \\$aPen and ink with wash on paper. Engraved version of this plan at Maps Crace Port. 11.23.
=500  \\$aShows intended development to parts of St Margaret's parish with the proposed streets and new bridge at Westminster.
=500  \\$aRoute of the procession of the coronation of King George II from Westminster Hall to the Abbey coloured in pale red.
=510  4\$aCrace, John Gregory, A catalogue of maps, plans and views of London, Westminster and Southwark collected and arranged by Frederick Crace (1878),$cno. 18, p. 75
=510  4\$aScott, Valerie. Tooley's dictionary of mapmakers K-P (2003),$cpp. 107-108
=510  4\$aWorms, Laurence, Baynton-Williams, Ashley. British map engravers: a dictionary of engravers, lithographers and their principal employers,$bto 1850,$cpp. 396-397
=520  \\$aThomas Lediard was the agent and surveyor for the Commission for Streets and Waterways. Westminster bridge, the first major bridge to be built across the Thames since the medieval London Bridge, is marked as 'New Bridge'. The expansion of Westminster in the 18th century necessitated an alternative to the timber Putney Bridge, the only river crossing west of the City. The grey blocks featured on this map are new buildings on the new streets near the approach to Westminster Bridge.
=650  \0$aCity planning$zEngland$zLondon$vMaps$vEarly works to 1800.
=650  \0$aParishes$zEngland$zLondon$vMaps$vEarly works to 1800.
=651  \0$aWestminster (London, England)$vMaps$vEarly works to 1800.
=651  \0$aLondon (England)$vMaps$vEarly works to 1800.
=655  \7$aEarly maps.$2fast$0(OCoLC)fst01752681
=700  1\$aCrace, Frederick,$d1779-1859,$eformer owner.
=700  1\$aCrace, John Gregory,$d1809-1889,$edonor.
=852  41$aBritish Library$bMAPS$jMaps Crace Port. 11.18
=856  41$3Copy at Maps Crace Port. 11.18$uhttp://www.bl.uk/onlinegallery/onlineex/crace/a/007zzz000000011u00018000.html$yDigitised map
=985  \\$aUpgraded from BL georeferencer data 2022-11-17.
=985  \\$aRecord amended for WR1606-1727
=985  \\$aUpdated by MS generated file for WR2302-017
=CAT  \\$a12842$b40$c20130109$lBLL01$h1556
=CAT  \\$a12842$b40$c20130110$lBLL01$h1622
=CAT  \\$aWR13.117$c20130718$lBLL01$h1854
=CAT  \\$a12842$b40$c20131007$lBLL01$h1418
=CAT  \\$aW1606-1727$c20160825$lBLL01$h1742
=CAT  \\$a14185$b40$c20221201$lBLL01$h1758
=CAT  \\$a14185$b40$c20221204$lBLL01$h1929
=CAT  \\$aW2302-0174$c20230223$lBLL01$h1959
=FIN  \\$aY$d20130109
=FMT  \\$a  MP
=LAS  \\$aW2302-0174$b00$c20230223$lBLL01$h1959

