=LDR  02141cem a2200469 a 4500
=001  016247993
=003  Uk
=005  20230223161700.0
=007  aj\aanzn
=008  130110q1739\\\\xx\||||||\a\\\\\0\\\eng|\
=034  0\$aa
=040  \\$aUk$beng$cUk$dUk
=042  \\$aukblsr
=082  04$a912.42132$223
=245  02$aA plan of the new intended streets from New Palace Yard to Whitehall, and from King Street to the Thames :$bas approv'd by the right honourable &c. the Commissioners for building a bridge at Westminster. March 12th 1739/40.
=255  \\$aScale not given.
=260  \\$c[After 1739]
=300  \\$a1 map ;$c37 x 47 cm
=336  \\$acartographic image$2rdacontent
=337  \\$aunmediated$2rdamedia
=338  \\$asheet$2rdacarrier
=500  \\$aTitle in decorative cartouche, unsigned. MS version of this plan at Maps Crace Port. 11.19.
=500  \\$aShows the proposed roads on the approach to the new bridge at Westminster.
=510  4\$aCrace, John Gregory, A catalogue of maps, plans and views of London, Westminster and Southwark collected and arranged by Frederick Crace (1878),$cno. 20, p. 75
=650  \0$aCity planning$zEngland$zLondon$vMaps$vEarly works to 1800.
=651  \0$aWestminster (London, England)$vMaps$vEarly works to 1800.
=651  \0$aLondon (England)$vMaps$vEarly works to 1800.
=655  \7$aEarly maps.$2fast$0(OCoLC)fst01752681
=700  1\$aCrace, Frederick,$d1779-1859,$eformer owner.
=700  1\$aCrace, John Gregory,$d1809-1889,$edonor.
=852  41$aBritish Library$bMAPS$jMaps Crace Port. 11.20
=856  41$3Copy at Maps Crace Port. 11.20$uhttp://www.bl.uk/onlinegallery/onlineex/crace/a/007zzz000000011u00020000.html$yDigitised map
=985  \\$aRecord amended for WR1606-1727
=985  \\$aUpdated by MS generated file for WR2302-017
=CAT  \\$a12842$b40$c20130110$lBLL01$h1053
=CAT  \\$aWR13.117$c20130718$lBLL01$h1854
=CAT  \\$a12842$b40$c20131007$lBLL01$h1421
=CAT  \\$aW1606-1727$c20160825$lBLL01$h1742
=CAT  \\$aW2302-0174$c20230223$lBLL01$h1959
=FIN  \\$aY$d20130110
=FMT  \\$a  MP
=LAS  \\$aW2302-0174$b00$c20230223$lBLL01$h1959

