=LDR  02505cem a2200517 a 4500
=001  016248200
=003  Uk
=005  20230223161700.0
=007  aj\aanzn
=008  130110q1748\\\\xx\||||||\a\\\\\0\\\eng|\
=034  1\$aa$dW0015211$eW0015229$fN0513008$gN0512959$2bound
=040  \\$aUk$beng$cUk$dUk
=042  \\$aukblsr
=082  04$a912.42132$223
=245  00$a[Plan of the New Street from the Park to Westminster Bridge].
=255  \\$aScale not given$c(W 1°52'11"--W 1°52'29"/N 51°30'08"--N 51°29'59").
=260  \\$c[1748]
=300  \\$a1 map ;$c35 x 23 cm
=336  \\$acartographic image$2rdacontent
=337  \\$aunmediated$2rdamedia
=338  \\$asheet$2rdacarrier
=500  \\$aUnsigned and undated. Title and date in imprint taken from A catalogue of maps, plans and views of London, Westminster and Southwark collected and arranged by Frederick Crace, 1878.
=500  \\$aShows the proposed road on the approach to the new bridge at Westminster.
=510  4\$aCrace, John Gregory, A catalogue of maps, plans and views of London, Westminster and Southwark collected and arranged by Frederick Crace (1878),$cno. 21, p. 75
=520  \\$aThe building of Westminster Bridge involved re-planning and rebuilding around the approaches. New buildings, stables and coach houses marked out on this plan.
=650  \0$aCity planning$zEngland$zLondon$vMaps$vEarly works to 1800.
=651  \0$aWestminster (London, England)$vMaps$vEarly works to 1800.
=651  \0$aLondon (England)$vMaps$vEarly works to 1800.
=655  \7$aEarly maps.$2fast$0(OCoLC)fst01752681
=700  1\$aCrace, Frederick,$d1779-1859,$eformer owner.
=700  1\$aCrace, John Gregory,$d1809-1889,$edonor.
=852  41$aBritish Library$bMAPS$jMaps Crace Port. 11.21
=856  41$3Copy at Maps Crace Port. 11.21$uhttp://www.bl.uk/onlinegallery/onlineex/crace/other/007zzz000000011u00021000.html$yDigitised map
=985  \\$aUpgraded from BL georeferencer data 2022-11-17.
=985  \\$aRecord amended for WR1606-1727
=985  \\$aUpdated by MS generated file for WR2302-017
=CAT  \\$a12842$b40$c20130110$lBLL01$h1400
=CAT  \\$aWR13.117$c20130718$lBLL01$h1854
=CAT  \\$a12842$b40$c20131007$lBLL01$h1423
=CAT  \\$aW1606-1727$c20160825$lBLL01$h1742
=CAT  \\$a14185$b40$c20221201$lBLL01$h1758
=CAT  \\$a14185$b40$c20221204$lBLL01$h1930
=CAT  \\$aW2302-0174$c20230223$lBLL01$h1959
=FIN  \\$aY$d20130110
=FMT  \\$a  MP
=LAS  \\$aW2302-0174$b00$c20230223$lBLL01$h1959

