=LDR  02973cem a2200565 a 4500
=001  016248303
=003  Uk
=005  20230223161700.0
=007  aj\aanzn
=008  130110s1807\\\\enk||||||\a\\\\\0\\\eng|\
=034  1\$aa$dW0015212$eW0015228$fN0513010$gN0512958$2bound
=040  \\$aUk$beng$cUk$dUk
=042  \\$aukblsr
=082  04$a912.42132$223
=100  1\$aSmith, John Thomas,$d1766-1833.
=245  12$aA plan showing the streets, courts, alleys and yards, as they appeared before the erection of Great George Street and the Market House in the Sanctuary :$btaken between 1734 & 1748.
=255  \\$aScale not given$c(W 1°52'12"--W 1°52'28"/N 51°30'10"--N 51°29'58").
=260  \\$aLondon :$bpublished by John Thomas Smith, N. 31 Castle Street, East Oxford Street,$cOctr. 1st 1807.
=300  \\$a1 map ;$c22 x 28 cm
=336  \\$acartographic image$2rdacontent
=337  \\$aunmediated$2rdamedia
=338  \\$asheet$2rdacarrier
=500  \\$aFrom Antiquities of Westminster published by John Thomas Smith in 1807.
=500  \\$aShows parts of St Margaret's parish before development. Layout of proposed streets added in pencil.
=500  \\$aNote below map: Copied by permission from a drawing in the possession of the the Rt. Honble & Honble the Commissioners of Westmr Bridge.
=510  4\$aCrace, John Gregory, A catalogue of maps, plans and views of London, Westminster and Southwark collected and arranged by Frederick Crace (1878),$cno. 22, p. 75
=510  4\$aWorms, Laurence, Baynton-Williams, Ashley. British map engravers: a dictionary of engravers, lithographers and their principal employers,$bto 1850,$cp. 617
=520  \\$aGreat George Street was built between 1752 and 57 as the westward extension of Bridge Street. The layout of the new street is shown in pencil lines.
=650  \0$aCity planning$zEngland$zLondon$vMaps.
=651  \0$aWestminster (London, England)$vMaps.
=651  \0$aLondon (England)$vMaps.
=655  \7$aMaps.$2fast$0(OCoLC)fst01423704
=700  1\$aCrace, Frederick,$d1779-1859,$eformer owner.
=700  1\$aCrace, John Gregory,$d1809-1889,$edonor.
=852  41$aBritish Library$bMAPS$jMaps Crace Port. 11.22
=856  41$3Copy at Maps Crace Port. 11.22$uhttp://www.bl.uk/onlinegallery/onlineex/crace/a/007zzz000000011u00022000.html$yDigitised map
=985  \\$aUpgraded from BL georeferencer data 2022-11-17.
=985  \\$aRecord amended for WR1606-1727
=985  \\$aUpdated by MS generated file for WR2302-017
=CAT  \\$a12842$b40$c20130110$lBLL01$h1533
=CAT  \\$a12842$b40$c20130111$lBLL01$h1036
=CAT  \\$aWR13.117$c20130718$lBLL01$h1854
=CAT  \\$a12842$b40$c20131007$lBLL01$h1424
=CAT  \\$aW1606-1727$c20160825$lBLL01$h1742
=CAT  \\$a14185$b40$c20221201$lBLL01$h1550
=CAT  \\$a14185$b40$c20221202$lBLL01$h1416
=CAT  \\$aW2302-0174$c20230223$lBLL01$h1959
=FIN  \\$aY$d20130110
=FMT  \\$a  MP
=LAS  \\$aW2302-0174$b00$c20230223$lBLL01$h1959

