=LDR  03261cem a2200565 a 4500
=001  016248347
=003  Uk
=005  20230223161700.0
=007  aj\aanzn
=008  130110s1761\\\\enk||||||\a\\\\\0\\\eng|\
=034  1\$aa$b1020$dW0015207$eW0015234$fN0513016$gN0512950$2bound
=040  \\$aUk$beng$cUk$dUk
=042  \\$aukblsr
=082  04$a912.42132$223
=100  1\$aLediard, Thomas,$d1685-1743.
=245  12$aA plan of part of the ancient City of Westminster from College Street to Whitehall, and from the Thames to St James's Park, in which are laid down all the new streets that have been built & other alterations made since the building of Westminster Bridge.
=255  \\$aScale approximately 1:1,020$c(W 1°52'07"--W 1°52'34"/N 51°30'16"--N 51°29'50").
=260  \\$a[London] :$bpublished by C. Fourdrinier & Co. at Charing Cross,$cJan. 1761.
=300  \\$a1 map ;$c48 x 73 cm
=336  \\$acartographic image$2rdacontent
=337  \\$aunmediated$2rdamedia
=338  \\$asheet$2rdacarrier
=500  \\$aMS version of this plan at Maps Crace Port. 11.18.
=500  \\$aShows development to parts of St Margaret's parish with new bridge at Westminster and buildings around Bridge Street, Great George Street, and Parliament Street, with key at bottom left.
=510  4\$aCrace, John Gregory, A catalogue of maps, plans and views of London, Westminster and Southwark collected and arranged by Frederick Crace (1878),$cno. 23, pp. 75-76
=510  4\$aScott, Valerie. Tooley's dictionary of mapmakers K-P (2003),$cpp. 107-108
=510  4\$aWorms, Laurence, Baynton-Williams, Ashley. British map engravers: a dictionary of engravers, lithographers and their principal employers,$bto 1850,$cpp. 396-397
=520  \\$aIn the forty years prior to the publication of this map Sir Christopher Wren had been surveyor of the area around Westminster Abbey and had undertaken restoration work, while his assistant Nicholas Hawksmoor designed the West Towers. The layout of individual piers in Westminster Abbey is shown.
=650  \0$aCity planning$zEngland$zLondon$vMaps$vEarly works to 1800.
=651  \0$aWestminster (London, England)$vMaps$vEarly works to 1800.
=651  \0$aLondon (England)$vMaps$vEarly works to 1800.
=655  \7$aEarly maps.$2fast$0(OCoLC)fst01752681
=700  1\$aCrace, Frederick,$d1779-1859,$eformer owner.
=700  1\$aCrace, John Gregory,$d1809-1889,$edonor.
=700  1\$aFourdrinier, C.,$epublisher.
=852  41$aBritish Library$bMAPS$jMaps Crace Port. 11.23
=856  41$3Copy at Maps Crace Port. 11.23$uhttp://www.bl.uk/onlinegallery/onlineex/crace/a/007zzz000000011u00023000.html$yDigitised map
=985  \\$aUpgraded from BL georeferencer data 2022-11-17.
=985  \\$aRecord amended for WR1606-1727
=985  \\$aUpdated by MS generated file for WR2302-017
=CAT  \\$a12842$b40$c20130110$lBLL01$h1622
=CAT  \\$aWR13.117$c20130718$lBLL01$h1854
=CAT  \\$a12842$b40$c20131007$lBLL01$h1426
=CAT  \\$aW1606-1727$c20160825$lBLL01$h1742
=CAT  \\$a14185$b40$c20221201$lBLL01$h1550
=CAT  \\$a14185$b40$c20221202$lBLL01$h1416
=CAT  \\$aW2302-0174$c20230223$lBLL01$h1959
=FIN  \\$aY$d20130110
=FMT  \\$a  MP
=LAS  \\$aW2302-0174$b00$c20230223$lBLL01$h1959

