=LDR  03472cem a2200625 a 4500
=001  016248752
=003  Uk
=005  20230223161701.0
=007  aj\canzn
=008  130111s1808\\\\enk||||||\a\\\\\0\\\eng|\
=034  1\$aa$dW0015212$eW0015234$fN0513005$gN0512954$2bound
=040  \\$aUk$beng$cUk$dUk
=042  \\$aukblsr
=082  04$a912.42132$223
=100  1\$aBasire, James,$d1769-1822,$eengraver.
=245  10$a[Plan of the improvements near Westminster Abbey] /$cJ. Basire sc.
=255  \\$aScale not given$c(W 1°52'12"--W 1°52'34"/N 51°30'05"--N 51°29'54").
=260  \\$a[London] :$bLuke Hansard & Sons Printers,$c1808.
=300  \\$a1 map :$bcol. ;$c32 x 39 cm
=336  \\$acartographic image$2rdacontent
=337  \\$aunmediated$2rdamedia
=338  \\$asheet$2rdacarrier
=500  \\$aTitle taken from A catalogue of maps, plans and views of London, Westminster and Southwark collected and arranged by Frederick Crace, 1878.
=500  \\$aPublished in the Report from Commissioners under 46. Geo. III for improvements in Westminster. Ordered by the House of Commons to be printed 12th May 1808; pp. 48-49.
=500  \\$aShows development to parts of St Margaret's parish with new bridge. Buildings already bought or to be purchased coloured.
=510  4\$aCrace, John Gregory, A catalogue of maps, plans and views of London, Westminster and Southwark collected and arranged by Frederick Crace (1878),$cno. 24, p. 76
=510  4\$aFrench, Josephine. Tooley's dictionary of mapmakers A-D (1999),$cp. 94
=510  4\$aFrench, Josephine. Tooley's dictionary of mapmakers E-J (2001),$cp. 263
=510  4\$aWorms, Laurence, Baynton-Williams, Ashley. British map engravers: a dictionary of engravers, lithographers and their principal employers,$bto 1850,$cp. 55
=520  \\$aThis plan was ordered by the House of Commons, showing the property that needed to be bought and demolished to make way for the improvements at Westminster Bridge. The watermen who were made largely redundant by this new structure were paid £25,000 in compensation.
=650  \0$aCity planning$zEngland$zLondon$vMaps$vEarly works to 1800.
=651  \0$aWestminster (London, England)$vMaps$vEarly works to 1800.
=651  \0$aLondon (England)$vMaps$vEarly works to 1800.
=655  \7$aEarly maps.$2fast$0(OCoLC)fst01752681
=700  1\$aCrace, Frederick,$d1779-1859,$eformer owner.
=700  1\$aCrace, John Gregory,$d1809-1889,$edonor.
=710  1\$aGreat Britain.$bParliament.$bHouse of Commons.
=710  2\$aJames & Luke G. Hansard & Sons, Printers.
=852  41$aBritish Library$bMAPS$jMaps Crace Port. 11.24
=856  41$3Copy at Maps Crace Port. 11.24$uhttp://www.bl.uk/onlinegallery/onlineex/crace/r/007zzz000000011u00024000.html$yDigitised map
=985  \\$aUpgraded from BL georeferencer data 2022-11-17.
=985  \\$aRecord amended for WR1606-1727
=985  \\$aUpdated by MS generated file for WR2302-017
=CAT  \\$a12842$b40$c20130111$lBLL01$h1133
=CAT  \\$a12842$b40$c20130111$lBLL01$h1137
=CAT  \\$a12842$b40$c20130111$lBLL01$h1401
=CAT  \\$aWR13.117$c20130718$lBLL01$h1854
=CAT  \\$a12842$b40$c20131007$lBLL01$h1427
=CAT  \\$aW1606-1727$c20160825$lBLL01$h1742
=CAT  \\$a14185$b40$c20221201$lBLL01$h1550
=CAT  \\$a14185$b40$c20221202$lBLL01$h1417
=CAT  \\$aW2302-0174$c20230223$lBLL01$h1959
=FIN  \\$aY$d20130111
=FMT  \\$a  MP
=LAS  \\$aW2302-0174$b00$c20230223$lBLL01$h1959

