=LDR  03819cem a2200625 a 4500
=001  016249023
=003  Uk
=005  20230223161701.0
=007  aj\canzn
=008  130111s1811\\\\enk||||||\a\\\\\0\\\eng|\
=034  1\$aa$b1060$dW0015211$eW0015228$fN0513004$gN0512957$2bound
=040  \\$aUk$beng$cUk$dUk
=042  \\$aukblsr
=082  04$a912.42132$223
=100  1\$aBasire, James,$d1769-1822,$eengraver.
=245  10$aMemorials of the Commissioners for improving Westminster :$bplate II /$cJs. Basire sculp.
=255  \\$aScale approximately 1:1,060$c(W 1°52'11"--W 1°52'28"/N 51°30'04"--N 51°29'57").
=260  \\$a[London] :$bLuke Hansard & Sons Printers,$c1811.
=300  \\$a1 map :$bcol. ;$c33 x 19 cm
=336  \\$acartographic image$2rdacontent
=337  \\$aunmediated$2rdamedia
=338  \\$asheet$2rdacarrier
=500  \\$aThis plan was ordered by the House of Commons. Different colours are used to denote buildings to be affected by renovations in Westminster. John Nash was a driving force behind many improvements in the Regency period, and his ideas of widening streets continued to influence city planning after his retirement. The narrow streets around Westminster Abbey had long been a dangerous area, with its mixture of criminals, courtiers, pilgrims and the wealthy. This was compounded by the abbey precincts being historically afforded sanctuary from the law. The widening of streets in such areas aimed to disperse the slums and tenements, opening them to light, air and policing. The area covered by this plan is where the modern Victoria Street and Parliament Square would be placed in the 1850s and 60s.
=500  \\$aShows development to parts of St Margaret's parish.
=500  \\$aGilberts Premises, shops, stables and coach houses shown and coloured, with references to colours at bottom centre.
=500  \\$aOrdered by the House of Commons to be printed 24th June 1811. Top right corner: to face page 110.
=510  4\$aCrace, John Gregory, A catalogue of maps, plans and views of London, Westminster and Southwark collected and arranged by Frederick Crace (1878),$cno. 25, p. 76
=510  4\$aFrench, Josephine. Tooley's dictionary of mapmakers A-D (1999),$cp. 94
=510  4\$aFrench, Josephine. Tooley's dictionary of mapmakers E-J (2001),$cp. 263
=510  4\$aWorms, Laurence, Baynton-Williams, Ashley. British map engravers: a dictionary of engravers, lithographers and their principal employers,$bto 1850,$cp. 55
=650  \0$aCity planning$zEngland$zLondon$vMaps.
=651  \0$aWestminster (London, England)$vMaps.
=651  \0$aLondon (England)$vMaps.
=655  \7$aMaps.$2fast$0(OCoLC)fst01423704
=700  1\$aCrace, Frederick,$d1779-1859,$eformer owner.
=700  1\$aCrace, John Gregory,$d1809-1889,$edonor.
=710  1\$aGreat Britain.$bParliament.$bHouse of Commons.
=710  2\$aJames & Luke G. Hansard & Sons, Printers.
=852  41$aBritish Library$bMAPS$jMaps Crace Port. 11.25.(1.)
=856  41$3Copy at Maps Crace Port. 11.25.(1.)$uhttp://www.bl.uk/onlinegallery/onlineex/crace/m/007zzz000000011u000250a0.html$yDigitised map
=985  \\$aUpgraded from georeferencer data 2022-12-16.
=985  \\$aRecord amended for WR1606-1727
=985  \\$aUpdated by MS generated file for WR2302-017
=CAT  \\$a12842$b40$c20130111$lBLL01$h1402
=CAT  \\$a12842$b40$c20130111$lBLL01$h1413
=CAT  \\$aWR13.117$c20130718$lBLL01$h1854
=CAT  \\$a12842$b40$c20131007$lBLL01$h1430
=CAT  \\$a12842$b40$c20131007$lBLL01$h1431
=CAT  \\$aW1606-1727$c20160825$lBLL01$h1742
=CAT  \\$a14185$b40$c20221218$lBLL01$h1853
=CAT  \\$a14185$b40$c20221219$lBLL01$h0852
=CAT  \\$aW2302-0174$c20230223$lBLL01$h1959
=FIN  \\$aY$d20130111
=FMT  \\$a  MP
=LAS  \\$aW2302-0174$b00$c20230223$lBLL01$h1959

