=LDR  03684cem a2200601 a 4500
=001  016249160
=003  Uk
=005  20230223161701.0
=007  aj\canzn
=008  130111s1811\\\\enk||||||\a\\\\\0\\\eng|\
=034  1\$aa$b2110$dW0015210$eW0015237$fN0513017$gN0512953$2bound
=040  \\$aUk$beng$cUk$dUk
=042  \\$aukblsr
=082  04$a912.42132$223
=100  1\$aBasire, James,$d1769-1822,$eengraver.
=245  10$aPlan of Westminster improvements :$bin explanation of Report of Select Committee Ho. Com. 31st May 1810 /$cJs. Basire sculpt.
=255  \\$aScale approximately 1:2,110$c(W 1°52'10"--W 1°52'37"/N 51°30'17"--N 51°29'53").
=260  \\$a[London] :$bLuke Hansard & Sons Printers,$c1811.
=300  \\$a1 map :$bcol. ;$c31 x 34 cm
=336  \\$acartographic image$2rdacontent
=337  \\$aunmediated$2rdamedia
=338  \\$asheet$2rdacarrier
=500  \\$aShows development to parts of St Margaret's parish near Westminster Abbey with premises to be purchased coloured for reference.
=500  \\$aBelow plan: Ordered by the House of Commons to be printed 31st May 1810. 251, and to be reprinted 24th June 1811. Top right corner: to face page 100.
=510  4\$aCrace, John Gregory, A catalogue of maps, plans and views of London, Westminster and Southwark collected and arranged by Frederick Crace (1878),$cno. 26, p. 76
=510  4\$aFrench, Josephine. Tooley's dictionary of mapmakers A-D (1999),$cp. 94
=510  4\$aFrench, Josephine. Tooley's dictionary of mapmakers E-J (2001),$cp. 263
=510  4\$aWorms, Laurence, Baynton-Williams, Ashley. British map engravers: a dictionary of engravers, lithographers and their principal employers,$bto 1850,$cp. 55
=520  \\$aThe printing of this plan was ordered by the House of Commons. It highlights an available premises on Princess Street in orange. Intersecting lines run from Whitehall Chapel to Westminster Abbey, indicating plans to widen the road. This area housed one of the worst tenement complexes (or 'rookeries") in London, something partly attributable to the custom of giving sanctuary to criminals within the abbey precincts and the surrounding area. Broad Sanctuary St survives to this day as a testimony to this history. The widening of roads in the area and the construction of Victoria Street from 1845 to 51 resulted in the demolition of much of the rookery.
=650  \0$aCity planning$zEngland$zLondon$vMaps$vEarly works to 1800.
=651  \0$aWestminster (London, England)$vMaps.
=651  \0$aLondon (England)$vMaps.
=655  \7$aMaps.$2fast$0(OCoLC)fst01423704
=700  1\$aCrace, Frederick,$d1779-1859,$eformer owner.
=700  1\$aCrace, John Gregory,$d1809-1889,$edonor.
=710  1\$aGreat Britain.$bParliament.$bHouse of Commons.
=710  2\$aJames & Luke G. Hansard & Sons, Printers.
=852  41$aBritish Library$bMAPS$jMaps Crace Port. 11.26.(1.)
=856  41$3Copy at Maps Crace Port. 11.26.(1.)$uhttp://www.bl.uk/onlinegallery/onlineex/crace/p/007000000000011u000260a0.html$yDigitised map
=985  \\$aUpgraded from BL georeferencer data 2022-11-17.
=985  \\$aRecord amended for WR1606-1727
=985  \\$aUpdated by MS generated file for WR2302-017
=CAT  \\$a12842$b40$c20130111$lBLL01$h1513
=CAT  \\$a12842$b40$c20130116$lBLL01$h1458
=CAT  \\$aWR13.117$c20130718$lBLL01$h1854
=CAT  \\$a12842$b40$c20131007$lBLL01$h1436
=CAT  \\$aW1606-1727$c20160825$lBLL01$h1742
=CAT  \\$a14185$b40$c20221201$lBLL01$h1738
=CAT  \\$a14185$b40$c20221202$lBLL01$h1418
=CAT  \\$aW2302-0174$c20230223$lBLL01$h1959
=FIN  \\$aY$d20130111
=FMT  \\$a  MP
=LAS  \\$aW2302-0174$b00$c20230223$lBLL01$h1959

