=LDR  03152cem a2200541 a 4500
=001  016249408
=003  Uk
=005  20230223161701.0
=007  aj\aanzn
=008  130112s1807\\\\enk||||||\a\\\\\0\\\eng|\
=034  1\$aa$dW0015209$eW0015220$fN0512959$gN0512948$2bound
=040  \\$aUk$beng$cUk$dUk
=042  \\$aukblsr
=082  04$a912.42132$223
=100  1\$aSmith, John Thomas,$d1766-1833.
=245  13$a[A plan of Dean's Yard and parts adjacent, as it appeared in 1734].
=255  \\$aScale not given$c(W 1°52'09"--W 1°52'20"/N 51°29'59"--N 51°29'48").
=260  \\$aLondon :$bpublished by John Thomas Smith, N. 31, Castle Street, East Oxford Street,$cSeptember 10th 1807.
=300  \\$a1 map ;$c15 x 26 cm
=336  \\$acartographic image$2rdacontent
=337  \\$aunmediated$2rdamedia
=338  \\$asheet$2rdacarrier
=500  \\$aTitle taken from A catalogue of maps, plans and views of London, Westminster and Southwark collected and arranged by Frederick Crace, 1878.
=500  \\$aFrom Antiquities of Westminster published by John Thomas Smith in 1807.
=500  \\$aBelow plan: This plan (engraven from a drawing in the possession of the the Rt. Honble & Honble the Commissioners of Westminster Bridge) exhibits the site of the buildings which once covered the southern half of Deans Yard; with the situation of the two Gate-Houses, the Alms-Houses, the little Almonry, the Quakers Meeting-House, with their school, &c. no longer remaining. Taken between 1734 & 1748.
=510  4\$aCrace, John Gregory, A catalogue of maps, plans and views of London, Westminster and Southwark collected and arranged by Frederick Crace (1878),$cno. 27, p. 76
=510  4\$aWorms, Laurence, Baynton-Williams, Ashley. British map engravers: a dictionary of engravers, lithographers and their principal employers,$bto 1850,$cp. 617
=520  \\$aThis is a retrospective plan made from an earlier drawing. It shows the buildings that once covered the southern half of Deans Yard. Among these are the Quaker Meeting House, the Quaker School, the Little Almonry and the Alms Houses.
=651  \0$aWestminster (London, England)$vMaps.
=651  \0$aLondon (England)$vMaps.
=655  \7$aMaps.$2fast$0(OCoLC)fst01423704
=700  1\$aCrace, Frederick,$d1779-1859,$eformer owner.
=700  1\$aCrace, John Gregory,$d1809-1889,$edonor.
=852  41$aBritish Library$bMAPS$jMaps Crace Port. 11.27
=856  41$3Copy at Maps Crace Port. 11.27$uhttp://www.bl.uk/onlinegallery/onlineex/crace/d/007000000000011u00027000.html$yDigitised map
=985  \\$aUpgraded from BL georeferencer data 2022-11-17.
=985  \\$aRecord amended for WR1606-1727
=985  \\$aUpdated by MS generated file for WR2302-017
=CAT  \\$a12842$b40$c20130112$lBLL01$h1210
=CAT  \\$aWR13.117$c20130718$lBLL01$h1854
=CAT  \\$a12842$b40$c20131007$lBLL01$h1441
=CAT  \\$aW1606-1727$c20160825$lBLL01$h1742
=CAT  \\$a14185$b40$c20221201$lBLL01$h1552
=CAT  \\$a14185$b40$c20221202$lBLL01$h1419
=CAT  \\$aW2302-0174$c20230223$lBLL01$h1959
=FIN  \\$aY$d20130112
=FMT  \\$a  MP
=LAS  \\$aW2302-0174$b00$c20230223$lBLL01$h1959

