=LDR  04182cem a2200565 a 4500
=001  016249427
=003  Uk
=005  20230223161701.0
=007  aj\aanzn
=008  130112s1685\\\\xx\||||||\a\\\\\0\\\eng|\
=015  \\$aGBB302632$2bnb
=034  1\$aa$b870$dW0015211$eW0015233$fN0513005$gN0512954$2bound
=040  \\$aUk$beng$cUk$dUk
=042  \\$aukblsr
=082  04$a912.42132$223
=245  02$aA groundplot of part of the Citty of Westminster. :$bContaining Westminster Abby (or the Collegiate Church of St Peter), Westminster Hall, the court of Wards, Court of Requests, Painted Chamber, House of Lords and Princes Lodgings; the Old & New Palace Yard, the Great Sanctuary, and several other places adjacent. But more particularly, the way from the Hall to the Church, as it was spread with cloth and railed in, and the several stations in which His Majesties Troops of Horse and Regiments of Foot Guards were posted on both sides the said rail on the day of the Coronation.
=255  \\$aScale approximately 1:870$c(W 1°52'11"--W 1°52'33"/N 51°30'05"--N 51°29'54").
=260  \\$c[ca. 1685]
=300  \\$a1 map ;$c34 x 44 cm
=336  \\$acartographic image$2rdacontent
=337  \\$aunmediated$2rdamedia
=338  \\$asheet$2rdacarrier
=500  \\$aUnsigned and undated. Date in imprint taken from A catalogue of maps, plans and views of London, Westminster and Southwark collected and arranged by Frederick Crace, 1878.
=500  \\$aShows the route of the procession of the coronation of King James II from Westminster Hall to the Westminster Abbey.
=510  4\$aCrace, John Gregory, A catalogue of maps, plans and views of London, Westminster and Southwark collected and arranged by Frederick Crace (1878),$cno. 30, p. 76
=520  \\$aThe route of the Coronation of King James II in 1685 was lined with His Majesty's Troop of Horses and Regiments of Footguards, represented on this map by groups of circles. At the time there were standing armies of nearly 20,000 men in British kingdoms. The procession moved from Westminster Hall to Westminster Abbey. James converted to Catholicism in 1669, but despite this he succeeded to the throne peacefully at the age of 51. Aiming for religious toleration, James issued the Declaration of Indulgence in 1687. The following year his son, James Stuart, was born to his second wife, the Catholic Mary of Modena, arousing fear that a Roman Catholic dynasty would be established. The Protestant husband of James's elder daughter, William of Orange, invaded on 5 November 1688 and the army and the navy rallied to William, precipitating James' escape to France. James was defeated at the Battle of the Boyne, in Ireland, when he tried to reclaim the throne in 1690. He spent the rest of his life in exile in France, dying there in 1701.
=600  04$aJames$bII,$cKing of England,$d1633-1701$xCoronation$vMaps$vEarly works to 1800.
=650  \0$aCoronations$zGreat Britain$xHistory$vMaps$vEarly works to 1800.
=651  \0$aWestminster (London, England)$vMaps$vEarly works to 1800.
=651  \0$aLondon (England)$vMaps$vEarly works to 1800.
=655  \7$aEarly maps.$2fast$0(OCoLC)fst01752681
=700  1\$aCrace, Frederick,$d1779-1859,$eformer owner.
=700  1\$aCrace, John Gregory,$d1809-1889,$edonor.
=852  41$aBritish Library$bMAPS$jMaps Crace Port. 11.30
=856  41$3Copy at Maps Crace Port. 11.30$uhttp://www.bl.uk/onlinegallery/onlineex/crace/a/007000000000011u00030000.html$yDigitised map
=985  \\$aUpgraded from BL georeferencer data 2022-11-17.
=985  \\$aRecord amended for WR1606-1727
=985  \\$aUpdated by MS generated file for WR2302-017
=CAT  \\$a12842$b40$c20130112$lBLL01$h1413
=CAT  \\$a12842$b40$c20130112$lBLL01$h1445
=CAT  \\$aWR13.117$c20130718$lBLL01$h1854
=CAT  \\$a12842$b40$c20131007$lBLL01$h1447
=CAT  \\$a11312$b40$c20131015$lBLL01$h0951
=CAT  \\$aW1606-1727$c20160825$lBLL01$h1743
=CAT  \\$a14185$b40$c20221201$lBLL01$h2109
=CAT  \\$a14185$b40$c20221204$lBLL01$h1930
=CAT  \\$aW2302-0174$c20230223$lBLL01$h1959
=FIN  \\$aY$d20130112
=FMT  \\$a  MP
=LAS  \\$aW2302-0174$b00$c20230223$lBLL01$h1959

