=LDR  02689cem a2200529 a 4500
=001  016249428
=003  Uk
=005  20230223161701.0
=007  aj\aanzn
=008  130112q1687\\\\enk||||||\a\\\\\0\\\eng|\
=034  0\$aa
=040  \\$aUk$beng$cUk$dUk
=042  \\$aukblsr
=082  04$a912.42132$223
=245  04$aThe ground-plot of the Collegiate Church St Peter in Westminster :$bWith two profiles relating thereunto, shewing the position and erection of the theatre, sacrary, altars, thrones, traverses, chairs pulpit. Forms, benches, scats and galleries, on the day of their Majesties Coronation, scilt 23 April 1685.
=255  \\$aScale not given.
=260  \\$a[London,$c1687]
=300  \\$a1 map ;$c37 x 52 cm
=336  \\$acartographic image$2rdacontent
=337  \\$aunmediated$2rdamedia
=338  \\$asheet$2rdacarrier
=500  \\$aFrom The history of the coronation of the Most High, Most Mighty, and Most Excellent Monarch, James II ... by Francis Sandford, published in 1687.
=500  \\$aSupplies ground plan of Westminster Abbey with two profile views.
=500  \\$aFeatures of the cathedral lettered and numbered for reference. Includes key showing the positions of participants in the ceremony of the coronation of James II.
=510  4\$aCrace, John Gregory, A catalogue of maps, plans and views of London, Westminster and Southwark collected and arranged by Frederick Crace (1878),$cno. 31, pp. 76-77
=600  04$aJames$bII,$cKing of England,$d1633-1701$xCoronation$vMaps$vEarly works to 1800.
=610  20$aWestminster Abbey$xHistory.
=650  \0$aCoronations$zEngland$zLondon$vMaps$vEarly works to 1800.
=651  \0$aWestminster (London, England)$vMaps$vEarly works to 1800.
=651  \0$aLondon (England)$vMaps$vEarly works to 1800.
=655  \7$aEarly maps.$2fast$0(OCoLC)fst01752681
=700  1\$aCrace, Frederick,$d1779-1859,$eformer owner.
=700  1\$aCrace, John Gregory,$d1809-1889,$edonor.
=700  1\$aSandford, Francis,$d1630-1694.
=852  41$aBritish Library$bMAPS$jMaps Crace Port. 11.31
=856  41$3Copy at Maps Crace Port. 11.31$uhttp://www.bl.uk/onlinegallery/onlineex/crace/t/007000000000011u00031000.html$yDigitised map
=985  \\$aRecord amended for WR1606-1727
=985  \\$aUpdated by MS generated file for WR2302-017
=CAT  \\$a12842$b40$c20130112$lBLL01$h1445
=CAT  \\$a12842$b40$c20130114$lBLL01$h1214
=CAT  \\$aWR13.117$c20130718$lBLL01$h1854
=CAT  \\$a12842$b40$c20131007$lBLL01$h1450
=CAT  \\$aW1606-1727$c20160825$lBLL01$h1743
=CAT  \\$aW2302-0174$c20230223$lBLL01$h1959
=FIN  \\$aY$d20130112
=FMT  \\$a  MP
=LAS  \\$aW2302-0174$b00$c20230223$lBLL01$h1959

