=LDR  03357cfm a2200589 a 4500
=001  016249429
=003  Uk
=005  20230223161701.0
=007  aj\canzn
=008  130112q1727\\\\xx\||||||\a\\\\\0\\\eng|\
=034  1\$aa$dW0015209$eW0015233$fN0513009$gN0512946$2bound
=040  \\$aUk$beng$cUk$dUk
=042  \\$aukblsr
=082  04$a912.42132$223
=245  00$aProcession of the coronation of King George the Second and His Queen.
=255  \\$aScale not given$c(W 1°52'09"--W 1°52'33"/N 51°30'09"--N 51°29'46").
=260  \\$c[ca. 1727]
=300  \\$a1 map :$bhand col. ;$c51 x 75 cm
=336  \\$acartographic image$2rdacontent
=337  \\$aunmediated$2rdamedia
=338  \\$asheet$2rdacarrier
=500  \\$aPen and ink with wash on paper.
=500  \\$aUnsigned and undated. Date taken from A catalogue of maps, plans and views of London, Westminster and Southwark collected and arranged by Frederick Crace, 1878.
=500  \\$aRoute of the procession of the coronation of King George II from Westminster Hall to the Westminster Abbey coloured in pale yellow.
=510  4\$aCrace, John Gregory, A catalogue of maps, plans and views of London, Westminster and Southwark collected and arranged by Frederick Crace (1878),$cno. 32, p. 77
=520  \\$aThis manuscript plan shows the route of the procession of George II's Coronation, from Westminster Hall to the Abbey. George II's reign was dominated by the Jacobin conflict, and his reign was threatened in 1745 by Charles Edward Stuart, the Young Pretender, who landed in Scotland. The Jacobite threat came to an end when Charles was defeated at the Battle of Culloden in April 1746. The country prospered greatly during George II's reign, with the coal and shipbuilding industries becoming more productive, an overall growth in the population, and the establishment of British control in Madras and Bengal.
=600  04$aGeorge$bII,$cKing of Great Britain,$d1683-1760$xCoronation$vMaps$vEarly works to 1800.
=610  20$aWestminster Abbey$xHistory.
=650  \0$aCoronations$zEngland$zLondon$vMaps$vEarly works to 1800.
=651  \0$aWestminster (London, England)$vMaps$vEarly works to 1800.
=651  \0$aLondon (England)$vMaps$vEarly works to 1800.
=655  \7$aEarly maps.$2fast$0(OCoLC)fst01752681
=700  1\$aCrace, Frederick,$d1779-1859,$eformer owner.
=700  1\$aCrace, John Gregory,$d1809-1889,$edonor.
=852  41$aBritish Library$bMAPS$jMaps Crace Port. 11.32
=856  41$3Copy at Maps Crace Port. 11.32$uhttp://www.bl.uk/onlinegallery/onlineex/crace/other/007000000000011u00032000.html$yDigitised map
=985  \\$aUpgraded from BL georeferencer data 2022-11-17.
=985  \\$aRecord amended for WR1606-1727
=985  \\$aUpdated by MS generated file for WR2302-017
=CAT  \\$a12842$b40$c20130112$lBLL01$h1500
=CAT  \\$a12842$b40$c20130112$lBLL01$h1502
=CAT  \\$a12842$b40$c20130112$lBLL01$h1538
=CAT  \\$a12842$b40$c20130114$lBLL01$h1215
=CAT  \\$aWR13.117$c20130718$lBLL01$h1854
=CAT  \\$a12842$b40$c20131007$lBLL01$h1451
=CAT  \\$aW1606-1727$c20160825$lBLL01$h1743
=CAT  \\$a14185$b40$c20221201$lBLL01$h1759
=CAT  \\$a14185$b40$c20221204$lBLL01$h1931
=CAT  \\$aW2302-0174$c20230223$lBLL01$h1959
=FIN  \\$aY$d20130112
=FMT  \\$a  MP
=LAS  \\$aW2302-0174$b00$c20230223$lBLL01$h1959

