=LDR  02686cfm a2200541 a 4500
=001  016249431
=003  Uk
=005  20230223161701.0
=007  aj\canzn
=008  130112q1727\\\\xx\||||||\a\\\\\0\\\eng|\
=034  0\$aa
=040  \\$aUk$beng$cUk$dUk
=042  \\$aukblsr
=082  04$a912.42132$223
=245  00$aPlan of the scaffolding as it was erected in the Abby for the coronation of King George the Second and Queen Caroline, 1727. :$bWith refferences [sic] put to it, taken from that of the coronation of King James and His Queen in the year 1685.
=255  \\$aScale not given.
=260  \\$c[ca. 1727]
=300  \\$a1 map :$bhand col. ;$c51 x 74 cm
=336  \\$acartographic image$2rdacontent
=337  \\$aunmediated$2rdamedia
=338  \\$asheet$2rdacarrier
=500  \\$aPen and ink with wash on paper.
=500  \\$aUnsigned and undated. Date taken from A catalogue of maps, plans and views of London, Westminster and Southwark collected and arranged by Frederick Crace, 1878.
=500  \\$aSupplies ground plan of Westminster Abbey with two profile views.
=500  \\$aFeatures of the cathedral lettered and numbered for reference. Includes key showing the positions of participants in the ceremony of the coronation.
=510  4\$aCrace, John Gregory, A catalogue of maps, plans and views of London, Westminster and Southwark collected and arranged by Frederick Crace (1878),$cno. 33, p. 77
=600  04$aGeorge$bII,$cKing of Great Britain,$d1683-1760$xCoronation$vMaps$vEarly works to 1800.
=610  20$aWestminster Abbey$xHistory.
=650  \0$aCoronations$zEngland$zLondon$vMaps$vEarly works to 1800.
=651  \0$aWestminster (London, England)$vMaps$vEarly works to 1800.
=651  \0$aLondon (England)$vMaps$vEarly works to 1800.
=655  \7$aEarly maps.$2fast$0(OCoLC)fst01752681
=700  1\$aCrace, Frederick,$d1779-1859,$eformer owner.
=700  1\$aCrace, John Gregory,$d1809-1889,$edonor.
=852  41$aBritish Library$bMAPS$jMaps Crace Port. 11.33
=856  41$3Copy at Maps Crace Port. 11.33$uhttp://www.bl.uk/onlinegallery/onlineex/crace/p/007000000000011u00033000.html$yDigitised map
=985  \\$aRecord amended for WR1606-1727
=985  \\$aUpdated by MS generated file for WR2302-017
=CAT  \\$a12842$b40$c20130112$lBLL01$h1517
=CAT  \\$a12842$b40$c20130112$lBLL01$h1534
=CAT  \\$a12842$b40$c20130114$lBLL01$h1215
=CAT  \\$aWR13.117$c20130718$lBLL01$h1854
=CAT  \\$a12842$b40$c20131007$lBLL01$h1453
=CAT  \\$aW1606-1727$c20160825$lBLL01$h1743
=CAT  \\$aW2302-0174$c20230223$lBLL01$h1959
=FIN  \\$aY$d20130112
=FMT  \\$a  MP
=LAS  \\$aW2302-0174$b00$c20230223$lBLL01$h1959

