=LDR  02306cfm a2200517 a 4500
=001  016250654
=003  Uk
=005  20230223161701.0
=007  aj\aanzn
=008  130114q1778\\\\xx\||||||\a\\\\\0\\\eng|\
=034  0\$aa
=040  \\$aUk$beng$cUk$dUk
=042  \\$aukblsr
=082  04$a912.42132$223
=245  00$a[Drawn plan of Henry VII Chapel with actual measurements].
=255  \\$aScale not given.
=260  \\$c[1778]
=300  \\$a1 map ;$c32 x 67 cm
=336  \\$acartographic image$2rdacontent
=337  \\$aunmediated$2rdamedia
=338  \\$asheet$2rdacarrier
=500  \\$aPen and ink on paper.
=500  \\$aUnsigned and undated. Date and title taken from A catalogue of maps, plans and views of London, Westminster and Southwark collected and arranged by Frederick Crace, 1878.
=500  \\$aBelow plan MS note in pencil: Measured by Josiah Thornwaite - 1782.
=500  \\$aSupplies ground plan of Henry VII Chapel at Westminster Abbey with detailed dimensions given.
=510  4\$aCrace, John Gregory, A catalogue of maps, plans and views of London, Westminster and Southwark collected and arranged by Frederick Crace (1878),$cno. 42, p. 78
=610  20$aWestminster Abbey.
=650  \0$aArchitecture$zEngland$zLondon$vMaps$vEarly works to 1800.
=650  \0$aChurch buildings$zEngland$zLondon$vMaps$vEarly works to 1800.
=651  \0$aWestminster (London, England)$vMaps$vEarly works to 1800.
=651  \0$aLondon (England)$vMaps$vEarly works to 1800.
=655  \7$aEarly maps.$2fast$0(OCoLC)fst01752681
=700  1\$aCrace, Frederick,$d1779-1859,$eformer owner.
=700  1\$aCrace, John Gregory,$d1809-1889,$edonor.
=852  41$aBritish Library$bMAPS$jMaps Crace Port. 11.42
=856  41$3Copy at Maps Crace Port. 11.42$uhttp://www.bl.uk/onlinegallery/onlineex/crace/other/007000000000011u00042000.html$yDigitised map
=985  \\$aRecord amended for WR1606-1727
=985  \\$aUpdated by MS generated file for WR2302-017
=CAT  \\$a12842$b40$c20130114$lBLL01$h1447
=CAT  \\$aWR13.117$c20130718$lBLL01$h1854
=CAT  \\$a12842$b40$c20130913$lBLL01$h1331
=CAT  \\$aW1606-1727$c20160825$lBLL01$h1742
=CAT  \\$aW2302-0174$c20230223$lBLL01$h1959
=FIN  \\$aY$d20130114
=FMT  \\$a  MP
=LAS  \\$aW2302-0174$b00$c20230223$lBLL01$h1959

