=LDR  02990cem a2200577 a 4500
=001  016250743
=003  Uk
=005  20230223161701.0
=007  aj\aanzn
=008  130114s1807\\\\enk||||||\a\\\\\0\\\eng|\
=034  1\$aa$b980$dW0015223$eW0015234$fN0513001$gN0512952$2bound
=040  \\$aUk$beng$cUk$dUk
=042  \\$aukblsr
=082  04$a912.42132$223
=100  1\$aSmith, John Thomas,$d1766-1833.
=245  10$aFoundation plan of the ancient Palace of Westminster :$bmeasured, drawn & engraved /$cby I. T. Smith.
=255  \\$aScale approximately 1:980$c(W 1°52'23"--W 1°52'34"/N 51°30'01"--N 51°29'52").
=260  \\$aLondon :$bpublished by John Thomas Smith, N. 31, Castle Street, East Oxford Street,$c25 April 1807.
=300  \\$a1 map ;$c24 x 31 cm
=336  \\$acartographic image$2rdacontent
=337  \\$aunmediated$2rdamedia
=338  \\$asheet$2rdacarrier
=500  \\$aFrom Antiquities of Westminster published by John Thomas Smith in 1807.
=500  \\$aSupplies ground plan of the Palace of Westminster. Rooms labelled or lettered for reference with key at bottom left and right.
=500  \\$aIncludes inset: Plan of part of Westminster as it was in the time of Richard the second.
=510  4\$aCrace, John Gregory, A catalogue of maps, plans and views of London, Westminster and Southwark collected and arranged by Frederick Crace (1878),$cno. 44, p. 78
=510  4\$aWorms, Laurence, Baynton-Williams, Ashley. British map engravers: a dictionary of engravers, lithographers and their principal employers,$bto 1850,$cp. 617
=520  \\$aThis annotated plan of the Palace of Westminster and the immediate surrounding land includes a plan of part of Westminster as it was in the time of Richard II.
=650  \0$aArchitecture$zEngland$zLondon$vDesigns and plans.
=650  \0$aPalaces$zEngland$zLondon$vMaps$vEarly works to 1800.
=651  \0$aWestminster Palace (London, England)$vMaps.
=651  \0$aWestminster (London, England)$vMaps.
=651  \0$aLondon (England)$vMaps.
=655  \7$aMaps.$2fast$0(OCoLC)fst01423704
=700  1\$aCrace, Frederick,$d1779-1859,$eformer owner.
=700  1\$aCrace, John Gregory,$d1809-1889,$edonor.
=852  41$aBritish Library$bMAPS$jMaps Crace Port. 11.44
=856  41$3Copy at Maps Crace Port. 11.44$uhttp://www.bl.uk/onlinegallery/onlineex/crace/f/007000000000011u00044000.html$yDigitised map
=985  \\$aUpgraded from BL georeferencer data 2022-11-17.
=985  \\$aRecord amended for WR1606-1727
=985  \\$aUpdated by MS generated file for WR2302-017
=CAT  \\$a12842$b40$c20130114$lBLL01$h1557
=CAT  \\$aWR13.117$c20130718$lBLL01$h1854
=CAT  \\$a12842$b40$c20131007$lBLL01$h1537
=CAT  \\$aW1606-1727$c20160825$lBLL01$h1742
=CAT  \\$a14185$b40$c20221201$lBLL01$h1552
=CAT  \\$a14185$b40$c20221202$lBLL01$h1420
=CAT  \\$aW2302-0174$c20230223$lBLL01$h1959
=FIN  \\$aY$d20130114
=FMT  \\$a  MP
=LAS  \\$aW2302-0174$b00$c20230223$lBLL01$h1959

