=LDR  02440cfm a2200529 a 4500
=001  016250774
=003  Uk
=005  20230223161701.0
=007  aj\aanzn
=008  130114q1739\\\\xx\||||||\a\\\\\0\\\eng|\
=034  0\$aa
=040  \\$aUk$beng$cUk$dUk
=042  \\$aukblsr
=082  04$a912.42132$223
=100  1\$aKent, William,$d1685-1748.
=245  10$a[Drawn plan of the Houses of Parliament and Westminster Hall and ground adjacent].
=255  \\$aScale not given.
=260  \\$c[1739?]
=300  \\$a1 map ;$c43 x 64 cm
=336  \\$acartographic image$2rdacontent
=337  \\$aunmediated$2rdamedia
=338  \\$asheet$2rdacarrier
=500  \\$aPen and ink on paper.
=500  \\$aSurveyor's name and date taken from pencil annotation in later hand at bottom right corner. Title taken from A catalogue of maps, plans and views of London, Westminster and Southwark collected and arranged by Frederick Crace, 1878.
=500  \\$aSupplies ground plan of the Palace of Westminster; premises labelled for reference.
=510  4\$aCrace, John Gregory, A catalogue of maps, plans and views of London, Westminster and Southwark collected and arranged by Frederick Crace (1878),$cno. 45, p. 78
=650  \0$aArchitecture$zEngland$zLondon$vDesigns and plans$vEarly works to 1800.
=650  \0$aPalaces$zEngland$zLondon$vMaps$vEarly works to 1800.
=651  \0$aWestminster Palace (London, England)$vMaps$vEarly works to 1800.
=651  \0$aWestminster (London, England)$vMaps$vEarly works to 1800.
=651  \0$aLondon (England)$vMaps$vEarly works to 1800.
=655  \7$aEarly maps.$2fast$0(OCoLC)fst01752681
=700  1\$aCrace, Frederick,$d1779-1859,$eformer owner.
=700  1\$aCrace, John Gregory,$d1809-1889,$edonor.
=852  41$aBritish Library$bMAPS$jMaps Crace Port. 11.45
=856  41$3Copy at Maps Crace Port. 11.45$uhttp://www.bl.uk/onlinegallery/onlineex/crace/other/007000000000011u00045000.html$yDigitised map
=985  \\$aRecord amended for WR1606-1727
=985  \\$aUpdated by MS generated file for WR2302-017
=CAT  \\$a12842$b40$c20130114$lBLL01$h1620
=CAT  \\$a12842$b40$c20130114$lBLL01$h1621
=CAT  \\$aWR13.117$c20130718$lBLL01$h1854
=CAT  \\$a12842$b40$c20131007$lBLL01$h1540
=CAT  \\$aW1606-1727$c20160825$lBLL01$h1743
=CAT  \\$aW2302-0174$c20230223$lBLL01$h1959
=FIN  \\$aY$d20130114
=FMT  \\$a  MP
=LAS  \\$aW2302-0174$b00$c20230223$lBLL01$h1959

