=LDR  02408cfm a2200517 a 4500
=001  016250819
=003  Uk
=005  20230223161701.0
=007  aj\canzn
=008  130114q1727\\\\xx\||||||\a\\\\\0\\\eng|\
=034  0\$aa
=040  \\$aUk$beng$cUk$dUk
=042  \\$aukblsr
=082  04$a912.42132$223
=245  03$a[A plan of the temporary kitchen for the coronation of George II at Westminster].
=255  \\$aScale not given.
=260  \\$c[ca. 1727]
=300  \\$a1 map :$bhand col. ;$c67 x 47 cm
=336  \\$acartographic image$2rdacontent
=337  \\$aunmediated$2rdamedia
=338  \\$asheet$2rdacarrier
=500  \\$aPen and ink with wash on paper.
=500  \\$aUnsigned and undated. Date taken from A catalogue of maps, plans and views of London, Westminster and Southwark collected and arranged by Frederick Crace, 1878.
=500  \\$aTitle taken from MS annotation above plan.
=500  \\$aSupplies plan with a profile view of the kitchen built for the banquet at the coronation of King George II; facilities labelled for reference.
=510  4\$aCrace, John Gregory, A catalogue of maps, plans and views of London, Westminster and Southwark collected and arranged by Frederick Crace (1878),$cno. 37, p. 77
=600  04$aGeorge$bII,$cKing of Great Britain,$d1683-1760$xCoronation$vMaps$vEarly works to 1800.
=650  \0$aCoronations$zEngland$zLondon$vMaps$vEarly works to 1800.
=651  \0$aWestminster (London, England)$vMaps$vEarly works to 1800.
=651  \0$aLondon (England)$vMaps$vEarly works to 1800.
=655  \7$aEarly maps.$2fast$0(OCoLC)fst01752681
=700  1\$aCrace, Frederick,$d1779-1859,$eformer owner.
=700  1\$aCrace, John Gregory,$d1809-1889,$edonor.
=852  41$aBritish Library$bMAPS$jMaps Crace Port. 11.37
=856  41$3Copy at Maps Crace Port. 11.37$uhttp://www.bl.uk/onlinegallery/onlineex/crace/other/007000000000011u00037000.html$yDigitised map
=985  \\$aRecord amended for WR1606-1727
=985  \\$aUpdated by MS generated file for WR2302-017
=CAT  \\$a12842$b40$c20130114$lBLL01$h1832
=CAT  \\$a12842$b40$c20130114$lBLL01$h1840
=CAT  \\$aWR13.117$c20130718$lBLL01$h1854
=CAT  \\$a12842$b40$c20131007$lBLL01$h1504
=CAT  \\$aW1606-1727$c20160825$lBLL01$h1743
=CAT  \\$aW2302-0174$c20230223$lBLL01$h1959
=FIN  \\$aY$d20130114
=FMT  \\$a  MP
=LAS  \\$aW2302-0174$b00$c20230223$lBLL01$h1959

