=LDR  02475cem a2200529 a 4500
=001  016250822
=003  Uk
=005  20230223161702.0
=007  aj\aanzn
=008  130114q1747\\\\xx\||||||\a\\\\\0\\\eng|\
=034  0\$aa
=040  \\$aUk$beng$cUk$dUk
=042  \\$aukblsr
=082  04$a912.42132$223
=245  02$aA representation of the tryal [sic] of Lord Lovat in Westminster Hall.
=255  \\$aScale not given.
=260  \\$c[1747]
=300  \\$a1 map ;$c19 x 24 cm
=336  \\$acartographic image$2rdacontent
=337  \\$aunmediated$2rdamedia
=338  \\$asheet$2rdacarrier
=500  \\$aUnsigned and undated. Date taken from A catalogue of maps, plans and views of London, Westminster and Southwark collected and arranged by Frederick Crace, 1878.
=500  \\$aSupplies plan of the court for the trial of Simon Fraser, 11th Lord Lovat in Westminster Hall showing the positions of participants. Some features lettered for reference with the key below plan.
=510  4\$aCrace, John Gregory, A catalogue of maps, plans and views of London, Westminster and Southwark collected and arranged by Frederick Crace (1878),$cno. 38, p. 77
=600  10$aLovat, Simon Fraser,$cLord,$d1667 or 1668-1747$xTrials, litigation, etc.
=650  \0$aJacobite Rebellion, 1745-1746$vMaps.
=650  \0$aTrials (Treason)$zEngland$zLondon$vMaps$vEarly works to 1800.
=651  \0$aWestminster (London, England)$vMaps$vEarly works to 1800.
=651  \0$aLondon (England)$vMaps$vEarly works to 1800.
=655  \7$aEarly maps.$2fast$0(OCoLC)fst01752681
=700  1\$aCrace, Frederick,$d1779-1859,$eformer owner.
=700  1\$aCrace, John Gregory,$d1809-1889,$edonor.
=852  41$aBritish Library$bMAPS$jMaps Crace Port. 11.38.(1)
=856  41$3Copy at Maps Crace Port. 11.38.(1)$uhttp://www.bl.uk/onlinegallery/onlineex/crace/a/007000000000011u000380a0.html$yDigitised map
=985  \\$aRecord amended for WR1606-1727
=985  \\$aUpdated by MS generated file for WR2302-017
=CAT  \\$a12842$b40$c20130114$lBLL01$h1903
=CAT  \\$a12842$b40$c20130114$lBLL01$h1904
=CAT  \\$a12842$b40$c20130114$lBLL01$h1935
=CAT  \\$aWR13.117$c20130718$lBLL01$h1854
=CAT  \\$a12842$b40$c20131007$lBLL01$h1508
=CAT  \\$aBATCH-UPD$b40$c20140228$lBLL01$h2251
=CAT  \\$aW1606-1727$c20160825$lBLL01$h1742
=CAT  \\$aW2302-0174$c20230223$lBLL01$h1959
=FIN  \\$aY$d20130114
=FMT  \\$a  MP
=LAS  \\$aW2302-0174$b00$c20230223$lBLL01$h1959

