=LDR  02104cem a2200481 a 4500
=001  016250823
=003  Uk
=005  20230223161702.0
=007  aj\aanzn
=008  130114q1776\\\\xx\||||||\a\\\\\0\\\eng|\
=034  0\$aa
=040  \\$aUk$beng$cUk$dUk
=042  \\$aukblsr
=082  04$a912.42132$223
=245  00$aPlan of court for the trial of Eliz. Duchess of Kingston.
=255  \\$aScale not given.
=260  \\$c[1776]
=300  \\$a1 map ;$c19 x 11 cm
=336  \\$acartographic image$2rdacontent
=337  \\$aunmediated$2rdamedia
=338  \\$asheet$2rdacarrier
=500  \\$aUnsigned and undated. Title taken from pencil annotation above plan.
=500  \\$aSupplies plan of the court for the trial of Elizabeth Chudleigh, Duchess of Kingston in Westminster Hall showing the positions of participants.
=500  \\$aIncluded in the Crace Collection but not listed in the Catalogue of maps, plans and views of London, Westminster and Southwark collected and arranged by Frederick Crace, published in 1878.
=600  10$aBristol, Elizabeth Chudleigh,$cCountess of,$d1720-1788$xTrials, litigation, etc.
=650  \0$aTrials$zEngland$zLondon$vMaps$vEarly works to 1800.
=655  \7$aEarly maps.$2fast$0(OCoLC)fst01752681
=700  1\$aCrace, Frederick,$d1779-1859,$eformer owner.
=700  1\$aCrace, John Gregory,$d1809-1889,$edonor.
=852  41$aBritish Library$bMAPS$jMaps Crace Port. 11.38.(2)
=856  41$3Copy at Maps Crace Port. 11.38.(2)$uhttp://www.bl.uk/onlinegallery/onlineex/crace/p/007000000000011u000380b0.html$yDigitised map
=985  \\$aRecord amended for WR1606-1727
=985  \\$aUpdated by MS generated file for WR2302-017
=CAT  \\$a12842$b40$c20130114$lBLL01$h1934
=CAT  \\$a12842$b40$c20130114$lBLL01$h1938
=CAT  \\$aWR13.117$c20130718$lBLL01$h1854
=CAT  \\$a12842$b40$c20131007$lBLL01$h1510
=CAT  \\$aW1606-1727$c20160825$lBLL01$h1742
=CAT  \\$a8874$b40$c20220414$lBLL01$h0803
=CAT  \\$aW2302-0174$c20230223$lBLL01$h1959
=FIN  \\$aY$d20130114
=FMT  \\$a  MP
=LAS  \\$aW2302-0174$b00$c20230223$lBLL01$h1959

