=LDR  03620cem a2200577 a 4500
=001  016250995
=003  Uk
=005  20230223161702.0
=007  aj\aanzn
=008  130115q1761\\\\xx\||||||\a\\\\\0\\\eng|\
=034  1\$aa$dW0015048$eW0015241$fN0513031$gN0512947$2bound
=040  \\$aUk$beng$cUk$dUk
=042  \\$aukblsr
=082  04$a912.42132$223
=245  00$aSketch of the procession usually observed in the coronation of our kings & queens :$btogether with a plan pointing out several new paths and their parts adjacent.
=255  \\$aScale not given$c(W 1°50'48"--W 1°52'41"/N 51°30'31"--N 51°29'47").
=260  \\$c[1761]
=300  \\$a1 map ;$c25 x 41 cm
=336  \\$acartographic image$2rdacontent
=337  \\$aunmediated$2rdamedia
=338  \\$asheet$2rdacarrier
=500  \\$aUnsigned and undated. Date taken from A catalogue of maps, plans and views of London, Westminster and Southwark collected and arranged by Frederick Crace, 1878.
=500  \\$aIncludes representation of a coronation procession on foot, upper part of plate.
=500  \\$aRoute of the procession of the coronation of King George III coloured in red.
=510  4\$aCrace, John Gregory, A catalogue of maps, plans and views of London, Westminster and Southwark collected and arranged by Frederick Crace (1878),$cno. 39, p. 78
=520  \\$aA sketch of individuals and their order in the coronation procession is featured at the top of the page. 60 years as king, George III's was the second longest reign in British history. He was third Hanoverian monarch, but the first to be born in England and use English as his first language. His reign was curtailed by periodic bouts of mental instability,which many contemporary commentators ascribed to the strain of the American conflict,but was more likely caused by the hereditary physical disorder called porphyria. He was a cultured monarch who donated to the nation a royal collection of books as the nucleus of a national library, now held in the King's Tower;in the British Library.
=585  \\$aCopy at Maps Crace Port. 11.39.(1). Exhibited: 'Als die Royal aus Hannover kamen', Niedersachsisches Landesmuseum, Hannover & Museum Schloss Herrenhausen, 17 May - 5 October 2014.
=600  04$aGeorge$bIII,$cKing of Great Britain,$d1738-1820$xCoronation$vMaps$vEarly works to 1800.
=650  \0$aCoronations$zEngland$zLondon$vMaps$vEarly works to 1800.
=651  \0$aWestminster (London, England)$vMaps$vEarly works to 1800.
=651  \0$aLondon (England)$vMaps$vEarly works to 1800.
=655  \7$aEarly maps.$2fast$0(OCoLC)fst01752681
=700  1\$aCrace, Frederick,$d1779-1859,$eformer owner.
=700  1\$aCrace, John Gregory,$d1809-1889,$edonor.
=852  41$aBritish Library$bMAPS$jMaps Crace Port. 11.39.(1)
=856  41$3Copy at Maps Crace Port. 11.39.(1)$uhttp://www.bl.uk/onlinegallery/onlineex/crace/s/007000000000011u000390a0.html$yDigitised map
=985  \\$aUpgraded from BL georeferencer data 2022-11-17.
=985  \\$aRecord amended for WR1606-1727
=985  \\$aUpdated by MS generated file for WR2302-017
=CAT  \\$a12842$b40$c20130115$lBLL01$h1004
=CAT  \\$a12842$b40$c20130115$lBLL01$h1010
=CAT  \\$aWR13.117$c20130718$lBLL01$h1854
=CAT  \\$a12842$b40$c20131007$lBLL01$h1512
=CAT  \\$a8201$b40$c20150114$lBLL01$h1441
=CAT  \\$aW1606-1727$c20160825$lBLL01$h1742
=CAT  \\$a14185$b40$c20221201$lBLL01$h1759
=CAT  \\$a14185$b40$c20221204$lBLL01$h1932
=CAT  \\$aW2302-0174$c20230223$lBLL01$h1959
=FIN  \\$aY$d20130115
=FMT  \\$a  MP
=LAS  \\$aW2302-0174$b00$c20230223$lBLL01$h1959

