=LDR  03685cem a2200601 a 4500
=001  016251113
=003  Uk
=005  20230223161702.0
=007  aj\aanzn
=008  130115s1820\\\\enk||||||\a\\\\\0\\\eng|\
=034  1\$aa$dW0015216$eW0015235$fN0513007$gN0512955$2bound
=040  \\$aUk$beng$cUk$dUk
=042  \\$aukblsr
=082  04$a912.42132$223
=100  1\$aRowe, John,$d1785-1862,$eengraver.
=245  10$aGround plan of part of the City of Westminster as it appeared at the coronation of King George III, 1761. From Roque's scarce plan of London. :$bShewing the direction of the procession - platform, the seats in Westminster Abbey, & the tables in Westminster Hall /$cRowe sc.
=255  \\$aScale not given$c(W 1°52'16"--W 1°52'35"/N 51°30'07"--N 51°29'55").
=260  \\$aLondon :$bpublished by John Major, 18 Skinner Street,$c15th March 1820.
=300  \\$a1 map ;$c12 x 17 cm
=336  \\$acartographic image$2rdacontent
=337  \\$aunmediated$2rdamedia
=338  \\$asheet$2rdacarrier
=500  \\$aProof copy; lettered for reference with key below map. 'Plate 2' at upper margin.
=500  \\$aIncluded in the Crace Collection but not listed in the Catalogue of maps, plans and views of London, Westminster and Southwark collected and arranged by Frederick Crace, published in 1878.
=510  4\$aScott, Valerie. Tooley's dictionary of mapmakers Q-Z (2004),$cp. 82
=510  4\$aWorms, Laurence, Baynton-Williams, Ashley. British map engravers: a dictionary of engravers, lithographers and their principal employers,$bto 1850,$cp. 570-571
=520  \\$aThis is a proof plan details the procession platform, covered in blue cloth, that led from Westminster Hall to the Abbey and the Coronation Theatre within the Abbey. With 60 years as king, George III had the second longest reign in British history. He was third Hanoverian monarch, but the first to be born in England and use English as his first language. His reign was curtailed by bouts of mental instability, blamed by many contemporary commentators on the strain of the American conflict, but more likely caused by the hereditary physical disorder porphyria. He was a cultured monarch who donated to the nation a collection of books as the nucleus of a national library, now held in the King's Tower in the British Library.
=600  04$aGeorge$bIII,$cKing of Great Britain,$d1738-1820$xCoronation.
=650  \0$aCoronations$zEngland$zLondon$vMaps.
=651  \0$aWestminster (London, England)$vMaps.
=651  \0$aLondon (England)$vMaps.
=655  \7$aMaps.$2fast$0(OCoLC)fst01423704
=700  1\$aCrace, Frederick,$d1779-1859,$eformer owner.
=700  1\$aCrace, John Gregory,$d1809-1889,$edonor.
=700  1\$aMajor, John,$d1782-1849,$epublisher.
=852  41$aBritish Library$bMAPS$jMaps Crace Port. 11.39.(3)
=856  41$3Copy at Maps Crace Port. 11.39.(3)$uhttp://www.bl.uk/onlinegallery/onlineex/crace/g/007000000000011u000390c0.html$yDigitised map
=985  \\$aUpgraded from BL georeferencer data 2022-11-17.
=985  \\$a100=NEW
=985  \\$aRecord amended for WR1606-1727
=985  \\$aUpdated by MS generated file for WR2302-017
=CAT  \\$a12842$b40$c20130115$lBLL01$h1145
=CAT  \\$aWR13.117$c20130718$lBLL01$h1854
=CAT  \\$a12842$b40$c20131007$lBLL01$h1523
=CAT  \\$a9749$b40$c20131029$lBLL01$h1533
=CAT  \\$a9749$b40$c20131029$lBLL01$h1534
=CAT  \\$aW1606-1727$c20160825$lBLL01$h1742
=CAT  \\$a14185$b40$c20221201$lBLL01$h1737
=CAT  \\$a14185$b40$c20221202$lBLL01$h1421
=CAT  \\$aW2302-0174$c20230223$lBLL01$h1959
=FIN  \\$aY$d20130115
=FMT  \\$a  MP
=LAS  \\$aW2302-0174$b00$c20230223$lBLL01$h1959

