=LDR  02386cem a2200505 a 4500
=001  016251199
=003  Uk
=005  20230223161702.0
=007  aj\aanzn
=008  130115s1821\\\\enk||||||\a\\\\\0\\\eng|\
=034  1\$aa$b1820
=040  \\$aUk$beng$cUk$dUk
=042  \\$aukblsr
=082  04$a912.42132$223
=100  1\$aWyld, James,$d1790-1836.
=245  10$a[Plan showing arrangements for the coronation of George IV] /$cJ. Wyld delt.
=255  \\$aScale [ca. 1:1,820].
=260  \\$a[London] :$bprinted at the Lithographic Establishment, Quarter Master Generals Office Horse Guards,$c1821.
=300  \\$a1 map ;$c26 x 22 cm
=336  \\$acartographic image$2rdacontent
=337  \\$aunmediated$2rdamedia
=338  \\$asheet$2rdacarrier
=500  \\$aRoutes of the procession coloured in red, bule and yellow with explanation at bottom left.
=510  4\$aCrace, John Gregory, A catalogue of maps, plans and views of London, Westminster and Southwark collected and arranged by Frederick Crace (1878),$cno. 40, p. 75
=510  4\$aWorms, Laurence, Baynton-Williams, Ashley. British map engravers: a dictionary of engravers, lithographers and their principal employers,$bto 1850,$cpp. 739-740
=600  04$aGeorge$bIV,$cKing of Great Britain,$d1762-1830$xCoronation$vMaps$vEarly works to 1800.
=650  \0$aCoronations$zEngland$zLondon$vMaps$vEarly works to 1800.
=651  \0$aWestminster (London, England)$vMaps$vEarly works to 1800.
=651  \0$aLondon (England)$vMaps$vEarly works to 1800.
=655  \7$aEarly maps.$2fast$0(OCoLC)fst01752681
=700  1\$aCrace, Frederick,$d1779-1859,$eformer owner.
=700  1\$aCrace, John Gregory,$d1809-1889,$edonor.
=852  41$aBritish Library$bMAPS$jMaps Crace Port. 11.40.(1)
=856  41$3Copy at Maps Crace Port. 11.40.(1)$uhttp://www.bl.uk/onlinegallery/onlineex/crace/other/007000000000011u000400b0.html$yDigitised map
=985  \\$aRecord amended for WR1606-1727
=985  \\$aUpdated by MS generated file for WR2302-017
=CAT  \\$a12842$b40$c20130115$lBLL01$h1335
=CAT  \\$a12842$b40$c20130115$lBLL01$h1336
=CAT  \\$aWR13.117$c20130718$lBLL01$h1854
=CAT  \\$a12842$b40$c20131007$lBLL01$h1528
=CAT  \\$aW1606-1727$c20160825$lBLL01$h1742
=CAT  \\$aW2302-0174$c20230223$lBLL01$h1959
=FIN  \\$aY$d20130115
=FMT  \\$a  MP
=LAS  \\$aW2302-0174$b00$c20230223$lBLL01$h1959

