=LDR  02428cfm a2200517 a 4500
=001  016251265
=003  Uk
=005  20230223161702.0
=007  aj\canzn
=008  130115q1761\\\\xx\||||||\a\\\\\0\\\eng|\
=034  0\$aa
=040  \\$aUk$beng$cUk$dUk
=042  \\$aukblsr
=082  04$a912.42132$223
=245  00$a[Drawn plan of Westminster Hall, the Houses of Lords and Commons, and the Courts of Law].
=255  \\$aScale not given.
=260  \\$c[1761?]
=300  \\$a1 map :$bhand col. ;$c44 x 61 cm
=336  \\$acartographic image$2rdacontent
=337  \\$aunmediated$2rdamedia
=338  \\$asheet$2rdacarrier
=500  \\$aPen and ink with wash on paper with additions in pencil in later hand.
=500  \\$aUnsigned. Date and title taken from A catalogue of maps, plans and views of London, Westminster and Southwark collected and arranged by Frederick Crace, 1878.
=500  \\$aSupplies detailed plan of the Palace of Westminster with offices labelled for reference; some dimensions marked in pencil.
=510  4\$aCrace, John Gregory, A catalogue of maps, plans and views of London, Westminster and Southwark collected and arranged by Frederick Crace (1878),$cno. 46, p. 78
=650  \0$aArchitecture$zEngland$zLondon$vDesigns and plans$vEarly works to 1800.
=650  \0$aPalaces$zEngland$zLondon$vMaps$vEarly works to 1800.
=651  \0$aWestminster Palace (London, England)$vMaps$vEarly works to 1800.
=651  \0$aWestminster (London, England)$vMaps$vEarly works to 1800.
=651  \0$aLondon (England)$vMaps$vEarly works to 1800.
=655  \7$aEarly maps.$2fast$0(OCoLC)fst01752681
=700  1\$aCrace, Frederick,$d1779-1859,$eformer owner.
=700  1\$aCrace, John Gregory,$d1809-1889,$edonor.
=852  41$aBritish Library$bMAPS$jMaps Crace Port. 11.46
=856  41$3Copy at Maps Crace Port. 11.46$uhttp://www.bl.uk/onlinegallery/onlineex/crace/p/007000000000011u00046000.html$yDigitised map
=985  \\$aRecord amended for WR1606-1727
=985  \\$aUpdated by MS generated file for WR2302-017
=CAT  \\$a12842$b40$c20130115$lBLL01$h1420
=CAT  \\$a12842$b40$c20130116$lBLL01$h1140
=CAT  \\$aWR13.117$c20130718$lBLL01$h1854
=CAT  \\$a12842$b40$c20131007$lBLL01$h1542
=CAT  \\$aW1606-1727$c20160825$lBLL01$h1742
=CAT  \\$aW2302-0174$c20230223$lBLL01$h1959
=FIN  \\$aY$d20130115
=FMT  \\$a  MP
=LAS  \\$aW2302-0174$b00$c20230223$lBLL01$h1959

