=LDR  02744cfm a2200553 a 4500
=001  016253276
=003  Uk
=005  20230223161703.0
=007  aj\canzn
=008  130116q1800\\\\xx\||||||\a\\\\\0\\\eng|\
=034  0\$aa
=040  \\$aUk$beng$cUk$dUk
=042  \\$aukblsr
=082  04$a912.42132$223
=100  10$aCapon, William,$d1757-1827.
=245  10$aPlan of the Painted Chamber in the Royal Palace of Westminster :$bwith some of the parts adjoining, as they were before the great alterations, which took place there in the year 1800 ... /$cSurveyed and accurately drawn and measured by William Capon, 1795-1799, and again surveyed 1818.
=255  \\$aScale not given.
=260  \\$c[1800]
=300  \\$a1 plan :$bcol. ;$c75 x 54 cm
=336  \\$acartographic image$2rdacontent
=337  \\$aunmediated$2rdamedia
=338  \\$avolume$2rdacarrier
=500  \\$aPen and in with wash on paper with additions in pencil.
=500  \\$aDate taken from A catalogue of maps, plans and views of London, Westminster and Southwark collected and arranged by Frederick Crace, 1878.
=500  \\$aHeavily annotated detailed plan of the Painted Chamber (destroyed by fire in 1834); dimensions given. Includes two panels with floor tiles design discovered in 1817 and 1818.
=510  4\$aCrace, John Gregory, A catalogue of maps, plans and views of London, Westminster and Southwark collected and arranged by Frederick Crace (1878),$cno. 47, p. 79
=650  \0$aArchitecture$zEngland$zLondon$vDesigns and plans.
=650  \0$aWestminster Palace (London, England)$xDesigns and plans$vMaps.
=650  \0$aPainted Chamber (Westminster Palace, London, England)$xDesigns and plans$vMaps.
=651  \0$aWestminster (London, England)$vMaps.
=651  \0$aLondon (England)$vMaps.
=655  \7$aMaps.$2fast$0(OCoLC)fst01423704
=700  1\$aCrace, Frederick,$d1779-1859,$eformer owner.
=700  1\$aCrace, John Gregory,$d1809-1889,$edonor.
=852  41$aBritish Library$bMAPS$jMaps Crace Port. 11.47
=856  41$3Copy at Maps Crace Port. 11.47$uhttp://www.bl.uk/onlinegallery/onlineex/crace/other/007000000000011u00047000.html$yDigitised map
=985  \\$aRecord amended for WR1606-1727
=985  \\$aUpdated by MS generated file for WR2302-017
=CAT  \\$a12842$b40$c20130116$lBLL01$h1054
=CAT  \\$a12842$b40$c20130116$lBLL01$h1059
=CAT  \\$aWR13.117$c20130718$lBLL01$h1854
=CAT  \\$a12842$b40$c20131007$lBLL01$h1544
=CAT  \\$a12842$b40$c20131007$lBLL01$h1545
=CAT  \\$aBATCH-UPD$b40$c20160224$lBLL01$h1706
=CAT  \\$aW1606-1727$c20160825$lBLL01$h1742
=CAT  \\$aW2302-0174$c20230223$lBLL01$h1959
=FIN  \\$aY$d20130116
=FMT  \\$a  MP
=LAS  \\$aW2302-0174$b00$c20230223$lBLL01$h1959

