=LDR  02631cem a2200565 a 4500
=001  016253492
=003  Uk
=005  20230223161703.0
=007  aj\aanzn
=008  130116q1826\\\\xx\||||||\a\\\\\0\\\eng|\
=034  0\$aa
=040  \\$aUk$beng$cUk$dUk
=042  \\$aukblsr
=082  04$a912.42132$223
=100  1\$aVacher, Thomas Brittain,$d1809?-1902,$elithographer.
=245  10$a[Plan of the Court of Law adjoining Westminster Hall].
=255  \\$aScale not given.
=260  \\$c[1826]
=300  \\$a1 map ;$c19 x 41 cm
=336  \\$acartographic image$2rdacontent
=337  \\$aunmediated$2rdamedia
=338  \\$asheet$2rdacarrier
=500  \\$aTitle, date and names of architect and lithographer taken from A catalogue of maps, plans and views of London, Westminster and Southwark collected and arranged by Frederick Crace, 1878.
=500  \\$aSupplies plan of the Law Courts at the Westminster Hall built in 1820's to John Soane's design; offices labelled for reference.
=500  \\$aLeft margin: Plate II, page II.
=510  4\$aCrace, John Gregory, A catalogue of maps, plans and views of London, Westminster and Southwark collected and arranged by Frederick Crace (1878),$cno. 49, p. 79
=510  4\$aWorms, Laurence, Baynton-Williams, Ashley. British map engravers: a dictionary of engravers, lithographers and their principal employers,$bto 1850,$cpp. 679-680
=650  \0$aPublic buildings$zEngland$zLondon$vDesigns and plans.
=650  \0$aArchitecture$zEngland$zLondon$vDesigns and plans.
=651  \0$aWestminster (London, England)$vMaps.
=651  \0$aLondon (England)$vMaps.
=655  \7$aMaps.$2fast$0(OCoLC)fst01423704
=700  1\$aCrace, Frederick,$d1779-1859,$eformer owner.
=700  1\$aCrace, John Gregory,$d1809-1889,$edonor.
=700  1\$aVacher, George,$d1809?-1902,$elithographer.
=700  1\$aSoane, John,$d1753-1837.
=852  41$aBritish Library$bMAPS$jMaps Crace Port. 11.49.(2)
=856  41$3Copy at Maps Crace Port. 11.49.(2)$uhttp://www.bl.uk/onlinegallery/onlineex/crace/other/007000000000011u000490a0.html$yDigitised map
=985  \\$aRecord amended for WR1606-1727
=985  \\$aUpdated by MS generated file for WR2302-017
=CAT  \\$a12842$b40$c20130116$lBLL01$h1434
=CAT  \\$a12842$b40$c20130116$lBLL01$h1809
=CAT  \\$a12842$b40$c20130116$lBLL01$h1810
=CAT  \\$aWR13.117$c20130718$lBLL01$h1854
=CAT  \\$a12842$b40$c20131007$lBLL01$h1553
=CAT  \\$aW1606-1727$c20160825$lBLL01$h1742
=CAT  \\$aW2302-0174$c20230223$lBLL01$h1959
=FIN  \\$aY$d20130116
=FMT  \\$a  MP
=LAS  \\$aW2302-0174$b00$c20230223$lBLL01$h1959

