=LDR  02609cem a2200541 a 4500
=001  016253523
=003  Uk
=005  20230223161703.0
=007  aj\canzn
=008  130116s1833\\\\enk||||||\a\\\\\0\\\eng|\
=034  0\$aa
=040  \\$aUk$beng$cUk$dUk
=042  \\$aukblsr
=082  04$a912.42132$223
=100  1\$aSoane, John,$d1753-1837.
=245  10$aPlan of the Houses of Parliament Westminster Hall :$band the adjacent public buildings /$cJohn Soane archt., Lincolns Inn Fields, 22nd March 1833 ; J. Basire lith.
=255  \\$aScale not given.
=260  \\$a[London] :$bJames & Luke G. Hansard & Sons Printers,$c1833.
=300  \\$a1 map :$bcol. ;$c30 x 54 cm
=336  \\$acartographic image$2rdacontent
=337  \\$aunmediated$2rdamedia
=338  \\$asheet$2rdacarrier
=500  \\$aSupplies ground plan of the Palace of Westminster; premises labelled for reference.
=500  \\$aBelow plan: 269, Ordered by the House of Commons to be printed 13th May 1833. Top right corner: Report of House of Commons buildings.
=510  4\$aCrace, John Gregory, A catalogue of maps, plans and views of London, Westminster and Southwark collected and arranged by Frederick Crace (1878),$cno. 50, p. 79
=510  4\$aFrench, Josephine. Tooley's dictionary of mapmakers E-J (2001),$cp. 263
=510  4\$aWorms, Laurence, Baynton-Williams, Ashley. British map engravers: a dictionary of engravers, lithographers and their principal employers,$bto 1850,$cpp. 56-57
=650  \0$aArchitecture$zEngland$zLondon$vDesigns and plans.
=651  \0$aWestminster (London, England)$vMaps.
=651  \0$aLondon (England)$vMaps.
=655  \7$aMaps.$2fast$0(OCoLC)fst01423704
=700  1\$aCrace, Frederick,$d1779-1859,$eformer owner.
=700  1\$aCrace, John Gregory,$d1809-1889,$edonor.
=700  1\$aBasire, James,$d1796-1869,$eengraver.
=710  2\$aJames & Luke G. Hansard & Sons, Printers.
=710  1\$aGreat Britain.$bParliament.$bHouse of Commons.
=852  41$aBritish Library$bMAPS$jMaps Crace Port. 11.50
=856  41$3Copy at Maps Crace Port. 11.50$uhttp://www.bl.uk/onlinegallery/onlineex/crace/p/007000000000011u00050000.html$yDigitised map
=985  \\$aRecord amended for WR1606-1727
=985  \\$aUpdated by MS generated file for WR2302-017
=CAT  \\$a12842$b40$c20130116$lBLL01$h1458
=CAT  \\$aWR13.117$c20130718$lBLL01$h1854
=CAT  \\$a12842$b40$c20131007$lBLL01$h1554
=CAT  \\$aW1606-1727$c20160825$lBLL01$h1742
=CAT  \\$aW2302-0174$c20230223$lBLL01$h1959
=FIN  \\$aY$d20130116
=FMT  \\$a  MP
=LAS  \\$aW2302-0174$b00$c20230223$lBLL01$h1959

