=LDR  02413cem a2200505 a 4500
=001  016253672
=003  Uk
=005  20230223161703.0
=007  aj\canzn
=008  130116q1836\\\\enk||||||\a\\\\\0\\\eng|\
=034  0\$aa
=040  \\$aUk$beng$cUk$dUk
=042  \\$aukblsr
=082  04$a912.42132$223
=245  00$aCopy of the plan annexed to the Report of the select Committee 9th May 1836 with the alterations suggested by the Commissioners.
=255  \\$aScale not given.
=260  \\$a[London] :$bprinted at Friedel's Estabt., 15 Southampton St., Strand,$c[1836]
=300  \\$a1 map :$bcol. ;$c39 x 63 cm
=336  \\$acartographic image$2rdacontent
=337  \\$aunmediated$2rdamedia
=338  \\$asheet$2rdacarrier
=500  \\$aSupplies plan of the Palace of Westminster; premises labelled and lettered for reference with key, some dimensions given.
=500  \\$aNote below title: The red line shows the form and size of the plan No.64 as exhibited in the National Gallery.
=500  \\$aIn October 1834 the central section of the Palace of Westminster was almost entirely destroyed by a fire. The New Palace was rebuilt to Charles Barry's design.
=510  4\$aCrace, John Gregory, A catalogue of maps, plans and views of London, Westminster and Southwark collected and arranged by Frederick Crace (1878),$cno. 53, p. 79
=650  \0$aArchitecture$zEngland$zLondon$vDesigns and plans.
=650  \0$aWestminster Palace (London, England)$vMaps.
=651  \0$aWestminster (London, England)$vMaps.
=651  \0$aLondon (England)$vMaps.
=655  \7$aMaps.$2fast$0(OCoLC)fst01423704
=700  1\$aCrace, Frederick,$d1779-1859,$eformer owner.
=700  1\$aCrace, John Gregory,$d1809-1889,$edonor.
=852  41$aBritish Library$bMAPS$jMaps Crace Port. 11.53
=856  41$3Copy at Maps Crace Port. 11.53$uhttp://www.bl.uk/onlinegallery/onlineex/crace/c/007000000000011u00053000.html$yDigitised map
=985  \\$aRecord amended for WR1606-1727
=985  \\$aUpdated by MS generated file for WR2302-017
=CAT  \\$a12842$b40$c20130116$lBLL01$h1654
=CAT  \\$a12842$b40$c20130116$lBLL01$h1707
=CAT  \\$aWR13.117$c20130718$lBLL01$h1854
=CAT  \\$a12842$b40$c20131007$lBLL01$h1600
=CAT  \\$aW1606-1727$c20160825$lBLL01$h1742
=CAT  \\$aW2302-0174$c20230223$lBLL01$h1959
=FIN  \\$aY$d20130116
=FMT  \\$a  MP
=LAS  \\$aW2302-0174$b00$c20230223$lBLL01$h1959

