=LDR  02535cem a2200553 a 4500
=001  016253761
=003  Uk
=005  20230223161704.0
=007  aj\canzn
=008  130117q1855\\\\xx\||||||\a\\\\\0\\\eng|\
=034  0\$aa
=040  \\$aUk$beng$cUk$dUk
=042  \\$aukblsr
=082  04$a912.421 32$223
=245  00$aPalace of Westminster :$bplan of the principal floor.
=255  \\$aScale not given.
=260  \\$c[1855]
=300  \\$a1 map :$bcol. ;$c43 x 65 cm
=336  \\$acartographic image$2rdacontent
=337  \\$aunmediated$2rdamedia
=338  \\$asheet$2rdacarrier
=500  \\$aUnsigned and undated. Date in imprint taken from A catalogue of maps, plans and views of London, Westminster and Southwark collected and arranged by Frederick Crace, 1878.
=500  \\$aSupplies plan of the principal floor of the new Houses of Parliament and Westminster Hall; offices labelled for reference.
=500  \\$aIn October 1834 the central section of the Palace of Westminster was almost entirely destroyed by a fire. The New Palace was rebuilt to Charles Barry's design.
=510  4\$aCrace, John Gregory, A catalogue of maps, plans and views of London, Westminster and Southwark collected and arranged by Frederick Crace (1878),$cno. 56, p. 80
=650  \0$aPalaces$zEngland$zLondon$vMaps.
=650  \0$aArchitecture$zEngland$zLondon$vDesigns and plans.
=650  \0$aWestminster Palace (London, England)$vMaps.
=651  \0$aWestminster (London, England)$vMaps.
=651  \0$aLondon (England)$vMaps.
=655  \7$aMaps.$2fast$0(OCoLC)fst01423704
=700  1\$aCrace, Frederick,$d1779-1859,$eformer owner.
=700  1\$aCrace, John Gregory,$d1809-1889,$edonor.
=700  1\$aBarry, Charles,$d1795-1860,$earchitect.
=852  41$aBritish Library$bMAPS$jMaps Crace Port. 11.56
=856  41$3Copy at Maps Crace Port. 11.56$uhttp://www.bl.uk/onlinegallery/onlineex/crace/p/007000000000011u00056000.html$yDigitised map
=985  \\$aRecord amended for WR1606-1727
=985  \\$aUpdated by MS generated file for WR2302-017
=CAT  \\$a12842$b40$c20130117$lBLL01$h1028
=CAT  \\$a12842$b40$c20130117$lBLL01$h1033
=CAT  \\$aWR13.117$c20130718$lBLL01$h1854
=CAT  \\$a12842$b40$c20131007$lBLL01$h1608
=CAT  \\$aW1606-1727$c20160825$lBLL01$h1742
=CAT  \\$a9572$b40$c20171128$lBLL01$h1147
=CAT  \\$aBATCH-UPD$b40$c20171128$lBLL01$h1150
=CAT  \\$aW2302-0174$c20230223$lBLL01$h1959
=FIN  \\$aY$d20130117
=FMT  \\$a  MP
=LAS  \\$aW2302-0174$b00$c20230223$lBLL01$h1959

