=LDR  03031cem a2200589 a 4500
=001  016253796
=003  Uk
=005  20230223161704.0
=007  aj\aanzn
=008  130117s1856\\\\enk||||||\a\\\\\0\\\eng|\
=034  0\$aa
=040  \\$aUk$beng$cUk$dUk
=042  \\$aukblsr
=082  04$a912.42132$223
=100  1\$aVacher, Thomas Brittain,$d1805-1880,$elithographer.
=245  14$aThe Houses of Parliament :$bprincipal floor, with the proposed additions /$ccompiled and printed by Vacher & Sons.
=255  \\$aScale not given.
=260  \\$a[London] :$bprinted by Vacker & Sons, Law Stationers & Printers, 29 Parliament Street,$c1856.
=300  \\$a1 plan ;$c23 x 39 cm
=336  \\$acartographic image$2rdacontent
=337  \\$aunmediated$2rdamedia
=338  \\$avolume$2rdacarrier
=500  \\$aSupplies plan of the principal floor of the new Houses of Parliament and Westminster Hall; offices labelled and lettered for reference with a key upper left and bottom right.
=500  \\$aIncludes two tables with details of University terms; eclipses in 1856; Parliamentary chronology and titles of nobilty. Below plan: The Paliament Almanack 1856.
=500  \\$aIn October 1834 the central section of the Palace of Westminster was almost entirely destroyed by a fire. The New Palace was rebuilt to Charles Barry's design.
=510  4\$aCrace, John Gregory, A catalogue of maps, plans and views of London, Westminster and Southwark collected and arranged by Frederick Crace (1878),$cno. 57, p. 80
=510  4\$aWorms, Laurence, Baynton-Williams, Ashley. British map engravers: a dictionary of engravers, lithographers and their principal employers,$bto 1850,$cpp. 679-680
=650  \0$aPublic buildings$zEngland$zLondon$vMaps.
=650  \0$aArchitecture$zEngland$zLondon$vDesigns and plans.
=650  \0$aWestminster Palace (London, England)$vMaps.
=651  \0$aWestminster (London, England)$vMaps.
=651  \0$aLondon (England)$vMaps.
=655  \7$aMaps.$2fast$0(OCoLC)fst01423704
=700  1\$aCrace, Frederick,$d1779-1859,$eformer owner.
=700  1\$aCrace, John Gregory,$d1809-1889,$edonor.
=700  1\$aBarry, Charles,$d1795-1860,$earchitect.
=700  1\$aVacher, George,$d1809?-1902,$elithographer.
=852  41$aBritish Library$bMAPS$jMaps Crace Port. 11.57
=856  41$3Copy at Maps Crace Port. 11.57$uhttp://www.bl.uk/onlinegallery/onlineex/crace/t/007000000000011u00057000.html$yDigitised map
=985  \\$aRecord amended for WR1606-1727
=985  \\$aUpdated by MS generated file for WR2302-017
=CAT  \\$a12842$b40$c20130117$lBLL01$h1107
=CAT  \\$a12842$b40$c20130117$lBLL01$h1109
=CAT  \\$aWR13.117$c20130718$lBLL01$h1854
=CAT  \\$a12842$b40$c20131007$lBLL01$h1609
=CAT  \\$aW1606-1727$c20160825$lBLL01$h1742
=CAT  \\$a9572$b40$c20171128$lBLL01$h1147
=CAT  \\$aBATCH-UPD$b40$c20171128$lBLL01$h1150
=CAT  \\$aW2302-0174$c20230223$lBLL01$h1959
=FIN  \\$aY$d20130117
=FMT  \\$a  MP
=LAS  \\$aW2302-0174$b00$c20230223$lBLL01$h1959

