=LDR  03088cem a2200601 a 4500
=001  016253846
=003  Uk
=005  20230223161704.0
=007  aj\aanzn
=008  130117s1807\\\\enk||||||\a\\\\\0\\\eng|\
=034  1\$aa$dW0015142$eW0015219$fN0513015$gN0513000$2bound
=040  \\$aUk$beng$cUk$dUk
=042  \\$aukblsr
=082  04$a912.42132$223
=100  1\$aSmith, John Thomas,$d1766-1833.
=245  10$aPlan of Duck Island in St. James's Park :$bof which M. St. Evremond was appointed Governor by Charles 2d.
=255  \\$aScale not given$c(W 1°51'42"--W 1°52'19"/N 51°30'15"--N 51°30'00").
=260  \\$aLondon :$bpublished by John Thomas Smith, N. 31 Castle Street, East Oxford Street,$cSeptember 10th 1807.
=300  \\$a1 map ;$c25 x 23 cm
=336  \\$acartographic image$2rdacontent
=337  \\$aunmediated$2rdamedia
=338  \\$asheet$2rdacarrier
=500  \\$aFrom Antiquities of Westminster published by John Thomas Smith in 1807.
=500  \\$aLettered for reference with a key below the title; Rosamond's Pond added in hand at top left.
=500  \\$aNote below map: Copied by permission, from a drawing made in 1734, in the possesion of John Clementson, Treasurer to the Rt. Honble. & Honble the Commissioners of Westminster Bridge.
=510  4\$aCrace, John Gregory, A catalogue of maps, plans and views of London, Westminster and Southwark collected and arranged by Frederick Crace (1878),$cno. 59, p. 80
=510  4\$aWorms, Laurence, Baynton-Williams, Ashley. British map engravers: a dictionary of engravers, lithographers and their principal employers,$bto 1850,$cp. 617
=520  \\$aThis is a plan of the Decoy in St James's Park, copied from a drawing made in 1734. A manuscript addition in the top left hand corner refers to a new pond.
=650  \0$aParks$zEngland$zLondon$vMaps.
=651  \0$aWestminster (London, England)$vMaps.
=651  \0$aLondon (England)$vMaps.
=655  \7$aMaps.$2fast$0(OCoLC)fst01423704
=700  1\$aCrace, Frederick,$d1779-1859,$eformer owner.
=700  1\$aCrace, John Gregory,$d1809-1889,$edonor.
=852  41$aBritish Library$bMAPS$jMaps Crace Port. 11.59
=856  41$3Copy at Maps Crace Port. 11.59$uhttp://www.bl.uk/onlinegallery/onlineex/crace/p/007000000000011u00059000.html$yDigitised map
=985  \\$aUpgraded from BL georeferencer data 2022-11-17.
=985  \\$aRecord amended for WR1606-1727
=985  \\$aUpdated by MS generated file for WR2302-017
=CAT  \\$a12842$b40$c20130117$lBLL01$h1146
=CAT  \\$a12842$b40$c20130117$lBLL01$h1202
=CAT  \\$a12842$b40$c20130117$lBLL01$h1213
=CAT  \\$a12842$b40$c20130117$lBLL01$h1222
=CAT  \\$a12842$b40$c20130118$lBLL01$h1411
=CAT  \\$aWR13.117$c20130718$lBLL01$h1854
=CAT  \\$a12842$b40$c20131007$lBLL01$h1611
=CAT  \\$aW1606-1727$c20160825$lBLL01$h1742
=CAT  \\$a14185$b40$c20221201$lBLL01$h1553
=CAT  \\$a14185$b40$c20221202$lBLL01$h1421
=CAT  \\$aW2302-0174$c20230223$lBLL01$h1959
=FIN  \\$aY$d20130117
=FMT  \\$a  MP
=LAS  \\$aW2302-0174$b00$c20230223$lBLL01$h1959

