=LDR  02409cfm a2200541 a 4500
=001  016254036
=003  Uk
=005  20230223161704.0
=007  aj\canzn
=008  130117q1800\\\\xx\||||||\a\\\\\0\\\eng|\
=034  0\$aa
=040  \\$aUk$beng$cUk$dUk
=042  \\$aukblsr
=082  04$a912.42132$223
=100  10$aBaynes, Richard,$esurveyor.
=245  12$aA platt and description of Tart Hall House with the gardens :$bshewing howefarr the parish of Saint Martin in the Fields and Saint Margaretts Westminster extended into the said house and gardens.
=255  \\$aScale not given.
=260  \\$c[ca. 1800]
=300  \\$a1 map :$bhand col. ;$c42 x 61 cm
=336  \\$acartographic image$2rdacontent
=337  \\$aunmediated$2rdamedia
=338  \\$asheet$2rdacarrier
=500  \\$aPen and ink with wash on paper.
=500  \\$aA 19th century copy of an original plan drawn by Richard Baynes showing Tart Hall purchased by Lady Arundel in 1633.
=500  \\$aPlan oriented with south at the top. Parish boundary indicated by pecked line.
=510  4\$aCrace, John Gregory, A catalogue of maps, plans and views of London, Westminster and Southwark collected and arranged by Frederick Crace (1878),$cno. 61, p. 80
=600  10$aArundel, Aletheia Talbot,$cCountess of,$dapproximately 1590-1654.
=650  \0$aReal property$zEngland$zLondon$vMaps.
=651  \0$aWestminster (London, England)$vMaps.
=651  \0$aLondon (England)$vMaps.
=655  \7$aMaps.$2fast$0(OCoLC)fst01423704
=700  1\$aCrace, Frederick,$d1779-1859,$eformer owner.
=700  1\$aCrace, John Gregory,$d1809-1889,$edonor.
=852  41$aBritish Library$bMAPS$jMaps Crace Port. 11.61
=856  41$3Copy at Maps Crace Port. 11.61$uhttp://www.bl.uk/onlinegallery/onlineex/crace/a/007000000000011u00061000.html$yDigitised map
=985  \\$aRecord amended for WR# 13/070
=985  \\$aRecord amended for WR1606-1727
=985  \\$aUpdated by MS generated file for WR2302-017
=CAT  \\$a12842$b40$c20130117$lBLL01$h1501
=CAT  \\$aWR13_070$b00$c20130504$lBLL01$h0341
=CAT  \\$aWR13.117$c20130718$lBLL01$h1854
=CAT  \\$a12842$b40$c20131007$lBLL01$h1643
=CAT  \\$aBATCH-UPD$b40$c20160224$lBLL01$h1706
=CAT  \\$aW1606-1727$c20160825$lBLL01$h1742
=CAT  \\$aW2302-0174$c20230223$lBLL01$h1959
=FIN  \\$aY$d20130117
=FMT  \\$a  MP
=LAS  \\$aW2302-0174$b00$c20230223$lBLL01$h1959

