=LDR  02426cfm a2200553 a 4500
=001  016254081
=003  Uk
=005  20230223161704.0
=007  aj\canzn
=008  130117q1800\\\\xx\||||||\a\\\\\0\\\eng|\
=034  0\$aa
=040  \\$aUk$beng$cUk$dUk
=042  \\$aukblsr
=082  04$a912.42132$223
=100  1\$aStokes, Charles,$dactive 1712-15,$esurveyor.
=245  14$aThe plan of Stafford House and grounds :$btaken in the year 1725 /$cby Cha. Stokes senior.
=255  \\$aScale not given.
=260  \\$c[ca. 1800]
=300  \\$a1 plan :$bhand col. ;$c60 x 45 cm
=336  \\$acartographic image$2rdacontent
=337  \\$aunmediated$2rdamedia
=338  \\$avolume$2rdacarrier
=500  \\$aPencil, pen and ink with wash on paper.
=500  \\$aA copy of original plan of 1725 produced by Charles Stokes showing the estate of Lord Stafford at Pimlico, (former Tart Hall).
=510  4\$aCrace, John Gregory, A catalogue of maps, plans and views of London, Westminster and Southwark collected and arranged by Frederick Crace (1878),$cno. 62, p. 80
=510  4\$aBendall, Sarah. Dictionary of land surveyors and local map-makers of Great Britain and Ireland (1997),$b1530-1850,$cno. S515.8, p. 490
=650  \0$aReal property$zEngland$zLondon$vMaps.
=651  \0$aWestminster (London, England)$vMaps$vEarly works to 1800.
=651  \0$aLondon (England)$vMaps$vEarly works to 1800.
=655  \7$aMaps.$2fast$0(OCoLC)fst01423704
=700  1\$aCrace, Frederick,$d1779-1859,$eformer owner.
=700  1\$aCrace, John Gregory,$d1809-1889,$edonor.
=852  41$aBritish Library$bMAPS$jMaps Crace Port. 11.62
=856  41$3Copy at Maps Crace Port. 11.62$uhttp://www.bl.uk/onlinegallery/onlineex/crace/p/007000000000011u00062000.html$yDigitised map
=985  \\$a100 NEW
=985  \\$aRecord amended for WR# 13/070
=985  \\$aRecord amended for WR1606-1727
=985  \\$aUpdated by MS generated file for WR2302-017
=CAT  \\$a12842$b40$c20130117$lBLL01$h1549
=CAT  \\$a12842$b40$c20130117$lBLL01$h1551
=CAT  \\$aWR13_070$b00$c20130504$lBLL01$h0341
=CAT  \\$aWR13_070C$c20130611$lBLL01$h1859
=CAT  \\$aWR13.117$c20130718$lBLL01$h1854
=CAT  \\$a12842$b40$c20131007$lBLL01$h1645
=CAT  \\$aW1606-1727$c20160825$lBLL01$h1742
=CAT  \\$aW2302-0174$c20230223$lBLL01$h1959
=FIN  \\$aY$d20130117
=FMT  \\$a  MP
=LAS  \\$aW2302-0174$b00$c20230223$lBLL01$h1959

