=LDR  02953cem a2200577 a 4500
=001  016254567
=003  Uk
=005  20221202142237.0
=007  aj\aanzn
=008  130118s1807\\\\enk||||||\a\\\\\0\\\eng|\
=034  1\$aa$dW0015212$eW0015241$fN0513028$gN0513003$2bound
=040  \\$aUk$beng$cUk$dUk
=042  \\$aukblsr
=082  04$a912.42132$223
=100  1\$aSmith, John Thomas,$d1766-1833.
=245  12$aA reduced copy of Fisher's ground plan of the Royal Palace of Whitehall, taken in the Reign of Charles 2d, 1680.
=255  \\$aScale not given$c(W 1°52'12"--W 1°52'41"/N 51°30'28"--N 51°30'03").
=260  \\$aLondon :$bpublished by John Thomas Smith, N. 31 Castle Street, East Oxford Street,$cNovember 30, 1807.
=300  \\$a1 plan ;$c18 x 28 cm
=336  \\$acartographic image$2rdacontent
=337  \\$aunmediated$2rdamedia
=338  \\$avolume$2rdacarrier
=500  \\$aFrom Antiquities of Westminster published by John Thomas Smith in 1807.
=500  \\$aNumbered for reference with key below plan.
=510  4\$aCrace, John Gregory, A catalogue of maps, plans and views of London, Westminster and Southwark collected and arranged by Frederick Crace (1878),$cno. 66, p. 81
=510  4\$aFrench, Josephine. Tooley's dictionary of mapmakers E-J (2001),$cp. 73
=510  4\$aWorms, Laurence, Baynton-Williams, Ashley. British map engravers: a dictionary of engravers, lithographers and their principal employers,$bto 1850,$cp. 617
=520  \\$aThis plan of the Royal Palace was published in the early 19th century, but is actually a copy of a plan dating from 1680. A black star shows where King Charles I was beheaded in the January of 1649, after he was convicted of treason by Parliament.
=650  \0$aArchitecture$zEngland$zLondon$vDesigns and plans.
=650  \0$aPalaces$zEngland$zLondon$vMaps.
=650  \0$aWhitehall Palace (London, England)$vMaps.
=651  \0$aLondon (England)$vMaps.
=651  \0$aWestminster (London, England)$vMaps.
=700  1\$aCrace, Frederick,$d1779-1859,$eformer owner.
=700  1\$aCrace, John Gregory,$d1809-1889,$edonor.
=700  1\$aFisher, John,$dactive approximately 1670-1703.
=852  41$aBritish Library$bMAPS$jMaps Crace Port. 11.66
=856  41$3Copy at Maps Crace Port. 11.66$uhttp://www.bl.uk/onlinegallery/onlineex/crace/a/007000000000011u00066000.html$yDigitised map
=985  \\$aUpgraded from BL georeferencer data 2022-11-17.
=985  \\$aRecord amended for WR# 13/070
=985  \\$aRecord amended for WR1606-1727
=CAT  \\$a12842$b40$c20130118$lBLL01$h1416
=CAT  \\$aWR13_070$b00$c20130504$lBLL01$h0341
=CAT  \\$aWR13.117$c20130718$lBLL01$h1854
=CAT  \\$a12842$b40$c20131007$lBLL01$h1651
=CAT  \\$aW1606-1727$c20160825$lBLL01$h1742
=CAT  \\$a14185$b40$c20221201$lBLL01$h1553
=CAT  \\$a14185$b40$c20221202$lBLL01$h1422
=FIN  \\$aY$d20130118
=FMT  \\$a  MP
=LAS  \\$a14185$b40$c20221202$lBLL01$h1422

