=LDR  02287cem a2200529 a 4500
=001  016254651
=003  Uk
=005  20230223161704.0
=007  aj\aanzn
=008  130118s1718\\\\xx\||||||\a\\\\\0\\\eng|\
=034  0\$aa
=040  \\$aUk$beng$cUk$dUk
=042  \\$aukblsr
=082  04$a912.421 32$223
=100  1\$aStukeley, William,$d1687-1765.
=245  14$aThe groundplot of the ruins of Whitehall.
=255  \\$aScale not given.
=260  \\$cJune 14, 1718.
=300  \\$a1 map ;$c29 x 19 cm
=336  \\$acartographic image$2rdacontent
=337  \\$aunmediated$2rdamedia
=338  \\$asheet$2rdacarrier
=500  \\$aNames of surveyor and engraver taken from MS. pencil annotation below title.
=500  \\$aWhitehall Palace was destroyed by fire in 1698.
=510  4\$aCrace, John Gregory, A catalogue of maps, plans and views of London, Westminster and Southwark collected and arranged by Frederick Crace (1878),$cno. 67, p. 81
=510  4\$aFrench, Josephine. Tooley's dictionary of mapmakers E-J (2001),$cp. 227
=650  \0$aArchitecture$zEngland$zLondon$vDesigns and plans$vEarly works to 1800.
=650  \0$aPalaces$zEngland$zLondon$vMaps$vEarly works to 1800.
=650  \0$aWhitehall Palace (London, England)$xHistory$vMaps$vEarly works to 1800.
=651  \0$aWestminster (London, England)$vMaps$vEarly works to 1800.
=651  \0$aLondon (England)$vMaps$vEarly works to 1800.
=655  \7$aEarly maps.$2fast$0(OCoLC)fst01752681
=700  1\$aCrace, Frederick,$d1779-1859,$eformer owner.
=700  1\$aCrace, John Gregory,$d1809-1889,$edonor.
=700  1\$aGucht, Michael van der,$d1660-1725,$eengraver.
=852  41$aBritish Library$bMAPS$jMaps Crace Port. 11.67
=856  41$3Copy at Maps Crace Port. 11.67$uhttp://www.bl.uk/onlinegallery/onlineex/crace/t/007000000000011u00067000.html$yDigitised map
=985  \\$aRecord amended for WR1606-1727
=985  \\$aUpdated by MS generated file for WR2302-017
=CAT  \\$a12842$b40$c20130118$lBLL01$h1507
=CAT  \\$aWR13.117$c20130718$lBLL01$h1854
=CAT  \\$a12842$b40$c20131007$lBLL01$h1654
=CAT  \\$aW1606-1727$c20160825$lBLL01$h1743
=CAT  \\$aW2302-0174$c20230223$lBLL01$h1959
=FIN  \\$aY$d20130118
=FMT  \\$a  MP
=LAS  \\$aW2302-0174$b00$c20230223$lBLL01$h1959

