=LDR  02741cfm a2200577 a 4500
=001  016254664
=003  Uk
=005  20230223161704.0
=007  aj\aanzn
=008  130118q1754\\\\xx\||||||\a\\\\\0\\\eng|\
=034  1\$aa$dW0015212$eW0015252$fN0513030$gN0512955$2bound
=040  \\$aUk$beng$cUk$dUk
=042  \\$aukblsr
=082  04$a912.42132$223
=245  00$aSchetch for the situation of a Palace at Whitehall the better to settle that of a bridge and of a road to it.
=255  \\$aScale not given$c(W 1°52'12"--W 1°52'52"/N 51°30'30"--N 51°29'55").
=260  \\$c[1754]
=300  \\$a1 plan ;$c17 x 28 cm
=336  \\$acartographic image$2rdacontent
=337  \\$aunmediated$2rdamedia
=338  \\$avolume$2rdacarrier
=500  \\$aPen and ink on paper. Unsigned and undated; date taken from pencil annotation above plan.
=500  \\$aShows proposed new palace, bridge and roads at Whitehall. Lettered for reference with a key at bottom left.
=500  \\$aWhitehall Palace was destroyed by fire in 1698.
=510  4\$aCrace, John Gregory, A catalogue of maps, plans and views of London, Westminster and Southwark collected and arranged by Frederick Crace (1878),$cno. 68, p. 81
=520  \\$aPlan of a proposed new palace at Whitehall with key down the left side of the plate.
=650  \0$aPalaces$zEngland$zLondon$vMaps$vEarly works to 1800.
=650  \0$aArchitecture$zEngland$zLondon$vDesigns and plans$vEarly works to 1800.
=650  \0$aWhitehall Palace (London, England)$vMaps$vEarly works to 1800.
=651  \0$aWestminster (London, England)$vMaps$vEarly works to 1800.
=651  \0$aLondon (England)$vMaps$vEarly works to 1800.
=655  \7$aEarly maps.$2fast$0(OCoLC)fst01752681
=700  1\$aCrace, Frederick,$d1779-1859,$eformer owner.
=700  1\$aCrace, John Gregory,$d1809-1889,$edonor.
=852  41$aBritish Library$bMAPS$jMaps Crace Port. 11.68
=856  41$3Copy at Maps Crace Port. 11.68$uhttp://www.bl.uk/onlinegallery/onlineex/crace/s/007000000000011u00068000.html$yDigitised map
=985  \\$aUpgraded from BL georeferencer data 2022-11-17.
=985  \\$aRecord amended for WR1606-1727
=985  \\$aUpdated by MS generated file for WR2302-017
=CAT  \\$a12842$b40$c20130118$lBLL01$h1521
=CAT  \\$a12842$b40$c20130118$lBLL01$h1523
=CAT  \\$a12842$b40$c20130118$lBLL01$h1525
=CAT  \\$aWR13.117$c20130718$lBLL01$h1854
=CAT  \\$a12842$b40$c20131007$lBLL01$h1657
=CAT  \\$aW1606-1727$c20160825$lBLL01$h1742
=CAT  \\$a14185$b40$c20221201$lBLL01$h1800
=CAT  \\$a14185$b40$c20221204$lBLL01$h1933
=CAT  \\$aW2302-0174$c20230223$lBLL01$h1959
=FIN  \\$aY$d20130118
=FMT  \\$a  MP
=LAS  \\$aW2302-0174$b00$c20230223$lBLL01$h1959

