=LDR  02708cem a2200589 a 4500
=001  016254726
=003  Uk
=005  20230223161704.0
=007  aj\aanzn
=008  130118q1767\\\\enk||||||\a\\\\\0\\\eng|\
=034  0\$aa
=040  \\$aUk$beng$cUk$dUk
=042  \\$aukblsr
=082  04$a912.42132$223
=100  1\$aKent, William,$d1685-1748,$earchitect.
=245  10$aPlan of the ground floor of the Horse Guards at Whitehall /$cW. Kent archt. ; J. Woolfe del. ; T. White sculp.
=246  11$aPlan du rez de chaussée du Corps de Gardes des Gardes a Whitehall
=255  \\$aScale not given.
=260  \\$a[London,$c1767]
=300  \\$a1 map ;$c25 x 38 cm
=336  \\$acartographic image$2rdacontent
=337  \\$aunmediated$2rdamedia
=338  \\$asheet$2rdacarrier
=500  \\$aFrom vol. 5 of Vitruvius Britannicus, or the British Architect, published by James Gandon and John Woolfe between 1767 and 1771.
=500  \\$aDate in imprint taken from London illustrated, B. Adams.
=500  \\$aLettered for reference with a key below plan; top right corner: 3.
=510  4\$aCrace, John Gregory, A catalogue of maps, plans and views of London, Westminster and Southwark collected and arranged by Frederick Crace (1878),$cno. 71, p. 82
=510  4\$aAdams, Bernard, London illustrated (1983),$b1604-1851,$cno. 45 (19), p. 114
=650  \0$aPublic buildings$zEngland$zLondon$vMaps$vEarly works to 1800.
=650  \0$aArchitecture$zEngland$zLondon$vDesigns and plans$vEarly works to 1800.
=650  \0$aHorse Guards (London, England)$vMaps$vEarly works to 1800.
=651  \0$aWestminster (London, England)$vMaps$vEarly works to 1800.
=651  \0$aLondon (England)$vMaps$vEarly works to 1800.
=655  \7$aEarly maps.$2fast$0(OCoLC)fst01752681
=700  1\$aCrace, Frederick,$d1779-1859,$eformer owner.
=700  1\$aCrace, John Gregory,$d1809-1889,$edonor.
=700  1\$aGandon, James,$d1742-1823.
=700  1\$aWoolfe, John,$d-1793.
=852  41$aBritish Library$bMAPS$jMaps Crace Port. 11.71
=856  41$3Copy at Maps Crace Port. 11.71$uhttp://www.bl.uk/onlinegallery/onlineex/crace/p/007000000000011u00071000.html$yDigitised map
=985  \\$aRecord amended for WR# 13/070
=985  \\$aRecord amended for WR1606-1727
=985  \\$aUpdated by MS generated file for WR2302-017
=CAT  \\$a12842$b40$c20130118$lBLL01$h1714
=CAT  \\$aWR13_070$b00$c20130504$lBLL01$h0341
=CAT  \\$aWR13.117$c20130718$lBLL01$h1854
=CAT  \\$a12842$b40$c20131007$lBLL01$h1721
=CAT  \\$aW1606-1727$c20160825$lBLL01$h1742
=CAT  \\$aW2302-0174$c20230223$lBLL01$h1959
=FIN  \\$aY$d20130118
=FMT  \\$a  MP
=LAS  \\$aW2302-0174$b00$c20230223$lBLL01$h1959

