=LDR  02332cfm a2200505 a 4500
=001  016255325
=003  Uk
=005  20230223161704.0
=007  aj\canzn
=008  130121q1820\\\\xx\||||||\a\\\\\0\\\eng|\
=034  0\$aa
=040  \\$aUk$beng$cUk$dUk
=042  \\$aukblsr
=082  04$a912.42132$223
=245  00$a[Drawn plan of Montague House, the Duke of Buccleugh's, at Whitehall].
=255  \\$aScale not given.
=260  \\$c[ca. 1820]
=300  \\$a1 map :$bhand col. ;$c23 x 34 cm
=336  \\$acartographic image$2rdacontent
=337  \\$aunmediated$2rdamedia
=338  \\$asheet$2rdacarrier
=500  \\$aPen and ink with wash on paper.
=500  \\$aUnsigned and undated; date and title taken from A catalogue of maps, plans and views of London, Westminster and Southwark collected and arranged by Frederick Crace, 1878.
=500  \\$aMontagu House was the name of two mansions in Whitehall. In the late 1850s Walter Montagu Douglas Scott replaced the Georgian house with the private mansion designed by architect William Burn the style of a French Renaissance chateau.
=510  4\$aCrace, John Gregory, A catalogue of maps, plans and views of London, Westminster and Southwark collected and arranged by Frederick Crace (1878),$cno. 72, p. 82
=650  \0$aReal property$zEngland$zLondon$vMaps.
=650  \0$aArchitectural drawing$zEngland$zLondon$vMaps.
=651  \0$aWestminster (London, England)$vMaps.
=651  \0$aLondon (England)$vMaps.
=655  \7$aMaps.$2fast$0(OCoLC)fst01423704
=700  1\$aCrace, Frederick,$d1779-1859,$eformer owner.
=700  1\$aCrace, John Gregory,$d1809-1889,$edonor.
=852  41$aBritish Library$bMAPS$jMaps Crace Port. 11.72
=856  41$3Copy at Maps Crace Port. 11.72$uhttp://www.bl.uk/onlinegallery/onlineex/crace/other/007000000000011u00072000.html$yDigitised map
=985  \\$aRecord amended for WR1606-1727
=985  \\$aUpdated by MS generated file for WR2302-017
=CAT  \\$a12842$b40$c20130121$lBLL01$h1042
=CAT  \\$a12842$b40$c20130121$lBLL01$h1709
=CAT  \\$aWR13.117$c20130718$lBLL01$h1854
=CAT  \\$a12842$b40$c20131007$lBLL01$h1724
=CAT  \\$aW1606-1727$c20160825$lBLL01$h1742
=CAT  \\$aW2302-0174$c20230223$lBLL01$h1959
=FIN  \\$aY$d20130121
=FMT  \\$a  MP
=LAS  \\$aW2302-0174$b00$c20230223$lBLL01$h1959

