=LDR  03068cem a2200601 a 4500
=001  016255389
=003  Uk
=005  20230223161704.0
=007  aj\aanzn
=008  130121q1725\\\\enk||||||\a\\\\\0\\\eng|\
=034  0\$aa
=040  \\$aUk$beng$cUk$dUk
=042  \\$aukblsr
=082  04$a912.42132$223
=100  10$aCampbell, Colen,$d1676-1729.
=245  10$aElevation de le Maison de Lord Herberts dans White Hall /$cCa. Campbell architectus ; H. Hulsbergh sculp.
=255  \\$aScale not given.
=260  \\$a[London,$c1725]
=300  \\$a1 map ;$c14 x 25 cm
=336  \\$acartographic image$2rdacontent
=337  \\$aunmediated$2rdamedia
=338  \\$asheet$2rdacarrier
=500  \\$aSupplies plan of the principal story and of the attic story of Lord Herbert's house at Whitehall; dimensions given. Bottom portion of plate only, trimmed with loss of elevation.
=500  \\$aFrom vol. 3 of Vitruvius Britannicus, or the British Architect, published by Colen Campbell between 1715 and 1725. Further volumes using this title were congregated by Woolfe and Gandon, and published between 1767 and 1771.
=500  \\$aDate in imprint taken from London illustrated, B. Adams.
=510  4\$aCrace, John Gregory, A catalogue of maps, plans and views of London, Westminster and Southwark collected and arranged by Frederick Crace (1878),$cno. 73, p. 82
=510  4\$aAdams, Bernard, London illustrated (1983),$b1604-1851,$cno. 24 (48), p. 50
=510  4\$aFrench, Josephine. Tooley's dictionary of mapmakers E-J (2001),$cp. 266
=510  4\$aWorms, Laurence, Baynton-Williams, Ashley. British map engravers: a dictionary of engravers, lithographers and their principal employers,$bto 1850,$cpp. 334-335
=650  \0$aArchitecture$zEngland$zLondon$vDesigns and plans$vEarly works to 1800.
=650  \0$aPublic buildings$zEngland$zLondon$vMaps$vEarly works to 1800.
=651  \0$aWestminster (London, England)$vMaps$vEarly works to 1800.
=651  \0$aLondon (England)$vMaps$vEarly works to 1800.
=655  \7$aEarly maps.$2fast$0(OCoLC)fst01752681
=700  1\$aCrace, Frederick,$d1779-1859,$eformer owner.
=700  1\$aCrace, John Gregory,$d1809-1889,$edonor.
=700  1\$aHulsberg, Henry,$d-1729.
=852  41$aBritish Library$bMAPS$jMaps Crace Port. 11.73
=856  41$3Copy at Maps Crace Port. 11.73$uhttp://www.bl.uk/onlinegallery/onlineex/crace/e/007000000000011u00073000.html$yDigitised map
=985  \\$aRecord amended for WR# 13/070
=985  \\$aRecord amended for WR1606-1727
=985  \\$aUpdated by MS generated file for WR2302-017
=CAT  \\$a12842$b40$c20130121$lBLL01$h1153
=CAT  \\$a12842$b40$c20130121$lBLL01$h1219
=CAT  \\$aWR13_070$b00$c20130504$lBLL01$h0341
=CAT  \\$aWR13.117$c20130718$lBLL01$h1854
=CAT  \\$a12842$b40$c20131007$lBLL01$h1726
=CAT  \\$aW1606-1727$c20160825$lBLL01$h1743
=CAT  \\$aBATCH-UPD$b00$c20160825$lBLL01$h1745
=CAT  \\$aW2302-0174$c20230223$lBLL01$h1959
=FIN  \\$aY$d20130121
=FMT  \\$a  MP
=LAS  \\$aW2302-0174$b00$c20230223$lBLL01$h1959

