=LDR  02651cem a2200529 a 4500
=001  016255428
=003  Uk
=005  20230223161704.0
=007  aj\aanzn
=008  130121q1767\\\\enk||||||\a\\\\\0\\\eng|\
=034  0\$aa
=040  \\$aUk$beng$cUk$dUk
=042  \\$aukblsr
=082  04$a912.42132$223
=100  1\$aPaine, James,$d1717?-1789,$earchitect.
=245  10$aPlan of the base story Sr. Matthew Featherstonehaugh bart. Whitehall /$cJames Paine archt. ; H. Mackworth sc.
=255  \\$aScale not given.
=260  \\$a[London,$c1767]
=300  \\$a1 map ;$c40 x 27 cm
=336  \\$acartographic image$2rdacontent
=337  \\$aunmediated$2rdamedia
=338  \\$asheet$2rdacarrier
=500  \\$aFrom Plans, elevations and sections, of noblemen and gentlemen's houses, and also of stabling, bridges, public and private, temples and other garden ... by James Paine published in 1767 and 1783. Date in imprint taken from the title page. Upper left: p. XXVI.
=500  \\$aSupplies plan of the Dover House; lettered for reference, some dimensions given.
=500  \\$aIn the 1750s Sir Matthew Fetherstonhaugh commissioned architect James Paine to design and build Dover House, Whitehall. The building belonged to the Melbourne family from 1793 to 1830.
=500  \\$aNote in pencil below plan: Now Lord Dovers 1849.
=510  4\$aCrace, John Gregory, A catalogue of maps, plans and views of London, Westminster and Southwark collected and arranged by Frederick Crace (1878),$cno. 74, p. 82
=650  \0$aArchitecture$zEngland$zLondon$vDesigns and plans$vEarly works to 1800.
=651  \0$aWestminster (London, England)$vMaps$vEarly works to 1800.
=651  \0$aWhitehall (London, England)$vMaps$vEarly works to 1800.
=651  \0$aLondon (England)$vMaps$vEarly works to 1800.
=655  \7$aEarly maps.$2fast$0(OCoLC)fst01752681
=700  1\$aCrace, Frederick,$d1779-1859,$eformer owner.
=700  1\$aCrace, John Gregory,$d1809-1889,$edonor.
=700  1\$aMackworth, H.,$eengraver.
=852  41$aBritish Library$bMAPS$jMaps Crace Port. 11.74
=856  41$3Copy at Maps Crace Port. 11.74$uhttp://www.bl.uk/onlinegallery/onlineex/crace/p/007000000000011u00074000.html$yDigitised map
=985  \\$aRecord amended for WR1606-1727
=985  \\$aUpdated by MS generated file for WR2302-017
=CAT  \\$a12842$b40$c20130121$lBLL01$h1320
=CAT  \\$aWR13.117$c20130718$lBLL01$h1854
=CAT  \\$a12842$b40$c20131007$lBLL01$h1728
=CAT  \\$aW1606-1727$c20160825$lBLL01$h1742
=CAT  \\$aW2302-0174$c20230223$lBLL01$h1959
=FIN  \\$aY$d20130121
=FMT  \\$a  MP
=LAS  \\$aW2302-0174$b00$c20230223$lBLL01$h1959

