=LDR  02185cem a2200505 a 4500
=001  016255494
=003  Uk
=005  20230223161704.0
=007  aj\aanzn
=008  130121q1834\\\\enk||||||\a\\\\\0\\\eng|\
=034  0\$aa
=040  \\$aUk$beng$cUk$dUk
=042  \\$aukblsr
=082  04$a912.42132$223
=245  00$aPlan for the general improvement of the vicinity of Westminster Abbey, and of the Houses of Parliament :$bproposed to be carried into execution at such successive periods as circumstances may admit. Designed Febry. 1809 /$cE. Lapidge, October 1834.
=255  \\$aScale not given.
=260  \\$c[1834?]
=300  \\$a1 map :$bcol. ;$c20 x 24 cm
=336  \\$acartographic image$2rdacontent
=337  \\$aunmediated$2rdamedia
=338  \\$asheet$2rdacarrier
=500  \\$aNot listed in A catalogue of maps, plans and views of London, Westminster and Southwark collected and arranged by Frederick Crace, 1878.
=500  \\$aPresent features indicated by pecked line with proposed improvements superimposed and labelled for reference.
=650  \0$aCity planning$zEngland$zLondon$vMaps.
=651  \0$aWestminster (London, England)$vMaps.
=651  \0$aLondon (England)$vMaps.
=655  \7$aMaps.$2fast$0(OCoLC)fst01423704
=700  1\$aLapidge, Edward,$d1779-1860,$earchitect.
=700  1\$aCrace, Frederick,$d1779-1859,$eformer owner.
=700  1\$aCrace, John Gregory,$d1809-1889,$edonor.
=852  41$aBritish Library$bMAPS$jMaps Crace Port. 11.75
=856  41$3Copy at Maps Crace Port. 11.75$uhttp://www.bl.uk/onlinegallery/onlineex/crace/p/007000000000011u00075000.html$yDigitised map
=985  \\$a700=NEW
=985  \\$aRecord amended for WR1606-1727
=985  \\$aUpdated by MS generated file for WR2302-017
=CAT  \\$a12842$b40$c20130121$lBLL01$h1440
=CAT  \\$a12842$b40$c20130121$lBLL01$h1441
=CAT  \\$a12842$b40$c20130121$lBLL01$h1442
=CAT  \\$aWR13.117$c20130718$lBLL01$h1854
=CAT  \\$a12842$b40$c20131007$lBLL01$h1730
=CAT  \\$aW1606-1727$c20160825$lBLL01$h1742
=CAT  \\$aW2302-0174$c20230223$lBLL01$h1959
=FIN  \\$aY$d20130121
=FMT  \\$a  MP
=LAS  \\$aW2302-0174$b00$c20230223$lBLL01$h1959

