=LDR  03095cfm a2200541 a 4500
=001  016255611
=003  Uk
=005  20230223161704.0
=007  aj\canzn
=008  130121q1746\\\\xx\||||||\a\\\\\0\\\eng|\
=034  1\$aa$b2450$dW0015018$eW0015317$fN0513116$gN0512959$2bound
=040  \\$aUk$beng$cUk$dUk
=042  \\$aukblsr
=082  04$a912.42132$223
=100  1\$aGough, William,$esurveyor.
=245  12$aA plan of His Majesty's Bayliwick of St. James in the county of Middlesex.
=255  \\$aScale approximately 1:2,450$c(W 1°50'18"--W 1°53'17"/N 51°31'16"--N 51°29'59").
=260  \\$c[1746?]
=300  \\$a1 map :$bhand col. ;$c95 x 141 cm
=336  \\$acartographic image$2rdacontent
=337  \\$aunmediated$2rdamedia
=338  \\$asheet$2rdacarrier
=500  \\$aPen and ink with wash on paper.
=500  \\$aNote; 'A most careful and finished drawn survey of the west of London, from Knightsbridge to Temple Bar, and from Marylebone Gardens north to Buckingham House south. By William Gough, 1746' in A catalogue of maps, plans and views of London, Westminster and Southwark collected and arranged by Frederick Crace, 1878.
=500  \\$aBailiwick of St James had been created by Henry VIII out of lands in the parishes of St Margaret, St Martin in the Fields, St Giles in the Fields, Fulham and Chelsea in Middlesex surrendered to him between 1531-1536.
=510  4\$aCrace, John Gregory, A catalogue of maps, plans and views of London, Westminster and Southwark collected and arranged by Frederick Crace (1878),$cno. 1, p. 82
=510  4\$aBendall, Sarah. Dictionary of land surveyors and local map-makers of Great Britain and Ireland (1997),$b1530-1850,$cno. G212.7, p. 207
=520  \\$aThis drawn survey of the West of London extends from Knightsbridge to Temple Bar and from Marylebone Gardens to Buckingham Palace. Buildings are indicated in red, open spaces and park land in green and watercourses in blue. Symbols are used to distinguish land use.
=651  \0$aWestminster (London, England)$vMaps$vEarly works to 1800.
=651  \0$aLondon (England)$vMaps$vEarly works to 1800.
=655  \7$aEarly maps.$2fast$0(OCoLC)fst01752681
=700  1\$aCrace, Frederick,$d1779-1859,$eformer owner.
=700  1\$aCrace, John Gregory,$d1809-1889,$edonor.
=852  41$aBritish Library$bMAPS$jMaps Crace Port. 12.1
=856  41$3Copy at Maps Crace Port. 12.1$uhttp://www.bl.uk/onlinegallery/onlineex/crace/a/007000000000012u00001000.html$yDigitised map
=985  \\$aUpgraded from BL georeferencer data 2022-11-17.
=985  \\$aRecord amended for WR1606-1727
=985  \\$aUpdated by MS generated file for WR2302-017
=CAT  \\$a12842$b40$c20130121$lBLL01$h1744
=CAT  \\$aWR13.117$c20130718$lBLL01$h1854
=CAT  \\$a12842$b40$c20131007$lBLL01$h1732
=CAT  \\$aW1606-1727$c20160825$lBLL01$h1742
=CAT  \\$a14185$b40$c20221201$lBLL01$h1800
=CAT  \\$a14185$b40$c20221204$lBLL01$h1933
=CAT  \\$aW2302-0174$c20230223$lBLL01$h1959
=FIN  \\$aY$d20130121
=FMT  \\$a  MP
=LAS  \\$aW2302-0174$b00$c20230223$lBLL01$h1959

