=LDR  03377cem a2200601 a 4500
=001  016255619
=003  Uk
=005  20230223161704.0
=007  aj\aanzn
=008  130121q1685\\\\enk||||||\a\\\\\1\\\eng|\
=034  1\$aa$dW0015113$eW0015216$fN0513058$gN0513007$2bound
=040  \\$aUk$beng$cUk$dUk
=042  \\$aukblsr
=082  04$a912.421 32$223
=100  1\$aBlome, Richard,$d-1705.
=245  14$aThe parish of St. James's, Westminster :$btaken from the last survey with corrections /$cby Richard Bloome.
=255  \\$aScale not given$c(W 1°51'13"--W 1°52'16"/N 51°30'58"--N 51°30'07").
=260  \\$c[1685]
=300  \\$a1 map ;$c36 x 30 cm
=336  \\$acartographic image$2rdacontent
=337  \\$aunmediated$2rdamedia
=338  \\$asheet$2rdacarrier
=500  \\$aDate in imprint taken from Ward maps of the city of London, R. Hyde.
=500  \\$aProduced for a new illustrated edition of John Stow's Survey. One of four known parish maps with Blome's details; proof copy rahter than published map.
=500  \\$aIncludes table of reference, upper left.
=510  4\$aCrace, John Gregory, A catalogue of maps, plans and views of London, Westminster and Southwark collected and arranged by Frederick Crace (1878),$cno. 2, p. 82
=510  4\$aHyde, Ralph. Ward maps of the city of London,$cp. 13
=510  4\$aFrench, Josephine. Tooley's dictionary of mapmakers A-D (1999),$cp. 151
=510  4\$aWorms, Laurence, Baynton-Williams, Ashley. British map engravers: a dictionary of engravers, lithographers and their principal employers,$bto 1850,$cpp. 90-91
=520  \\$aThis plan is taken from the first edition of Stow's 'Survey of England'. The plan's title features in a banner at the top centre, with a key to streets, yards, halls, courts and private properties at the top left. Land use and natural features described by symbols and three-dimensional illustrations. St James's Square was laid out in 1662 when Henry Jermyn, Earl of St Albans, obtained a grant of land on the outskirts of London. In 1674, Christopher Wren was appointed architect of the parish church.
=650  \0$aParishes$zEngland$zLondon$vMaps$vEarly works to 1800.
=651  \0$aWestminster (London, England)$vMaps$vEarly works to 1800.
=651  \0$aLondon (England)$vMaps$vEarly works to 1800.
=655  \7$aEarly maps.$2fast$0(OCoLC)fst01752681
=700  1\$aCrace, Frederick,$d1779-1859,$eformer owner.
=700  1\$aCrace, John Gregory,$d1809-1889,$edonor.
=852  41$aBritish Library$bMAPS$jMaps Crace Port. 12.2
=856  41$3Copy at Maps Crace Port. 12.2$uhttp://www.bl.uk/onlinegallery/onlineex/crace/t/007zzz000000012u00002000.html$yDigitised map
=985  \\$aUpgraded from BL georeferencer data 2022-11-17.
=985  \\$aRecord amended for WR# 13/070
=985  \\$aRecord amended for WR1606-1727
=985  \\$aUpdated by MS generated file for WR2302-017
=CAT  \\$a12842$b40$c20130121$lBLL01$h1848
=CAT  \\$aWR13_070$b00$c20130504$lBLL01$h0341
=CAT  \\$aWR13.117$c20130718$lBLL01$h1854
=CAT  \\$a12842$b40$c20131007$lBLL01$h1734
=CAT  \\$aW1606-1727$c20160825$lBLL01$h1743
=CAT  \\$a14185$b40$c20221201$lBLL01$h1801
=CAT  \\$a14185$b40$c20221204$lBLL01$h1934
=CAT  \\$aW2302-0174$c20230223$lBLL01$h1959
=FIN  \\$aY$d20130121
=FMT  \\$a  MP
=LAS  \\$aW2302-0174$b00$c20230223$lBLL01$h1959

