=LDR  03700cem a2200661 a 4500
=001  016255620
=003  Uk
=005  20230223161704.0
=007  aj\aanzn
=008  130121q1720\\\\enk||||||\a\\\\\1\\\eng|\
=034  1\$aa$dW0015110$eW0015217$fN0513102$gN0513007$2bound
=040  \\$aUk$beng$cUk$dUk
=042  \\$aukblsr
=082  04$a912.42132$223
=100  1\$aBlome, Richard,$d-1705.
=245  14$aThe parish of St. James's, Westminster :$btaken from the last survey with corrections.
=255  \\$aScale not given$c(W 1°51'10"--W 1°52'17"/N 51°31'02"--N 51°30'07").
=260  \\$a[London,$c1720]
=300  \\$a1 map ;$c36 x 30 cm
=336  \\$acartographic image$2rdacontent
=337  \\$aunmediated$2rdamedia
=338  \\$asheet$2rdacarrier
=500  \\$aFrom vol. 2 of J. Stow's Survey of the Cities of London and Westminster ... published by J. Strype in 1720.
=500  \\$aPlate engraved ca. 1685, in cartouche below title Blome's details, though burnished out, still partly visible. Proof copy of this map at Maps Crace Port. 12.2.
=500  \\$aTop right corner: V2, B6, P80.
=500  \\$aIncludes table of reference, lower left continuing bottom right with a list of new buildings.
=500  \\$aProminent buildings shown pictorially.
=510  4\$aCrace, John Gregory, A catalogue of maps, plans and views of London, Westminster and Southwark collected and arranged by Frederick Crace (1878),$cno. 3, p. 83
=510  4\$aFrench, Josephine. Tooley's dictionary of mapmakers A-D (1999),$cp. 151
=510  4\$aWorms, Laurence, Baynton-Williams, Ashley. British map engravers: a dictionary of engravers, lithographers and their principal employers,$bto 1850,$cpp. 90-91
=520  \\$aThis plan was taken from Strype's first annotated edition of Stow's 'Survey of England'. The plan's title features in cartouche at the top of the plate, with keys to streets, yards, inns, halls and other landmarks in tables at top left and bottom right. The scale bar is also at bottom right. Additions made by Strype that did not feature in earlier editions of the plan include the housing developments in Soho and neighbouring St Martin's (replacing open fields and an extended table of reference).
=650  \0$aParishes$zEngland$zLondon$vMaps$vEarly works to 1800.
=651  \0$aWestminster (London, England)$vMaps$vEarly works to 1800.
=651  \0$aLondon (England)$vMaps$vEarly works to 1800.
=655  \7$aEarly maps.$2fast$0(OCoLC)fst01752681
=700  1\$aCrace, Frederick,$d1779-1859,$eformer owner.
=700  1\$aCrace, John Gregory,$d1809-1889,$edonor.
=852  41$aBritish Library$bMAPS$jMaps Crace Port. 12.3.(1.)
=856  41$3Copy at Maps Crace Port. 12.3.(1.)$uhttp://www.bl.uk/onlinegallery/onlineex/crace/t/007zzz000000012u00003000.html$yDigitised map
=985  \\$aUpgraded from BL georeferencer data 2022-11-17.
=985  \\$aRecord amended for WR# 13/070
=985  \\$aRecord amended for WR1606-1727
=985  \\$aUpdated by MS generated file for WR2302-017
=CAT  \\$a12842$b40$c20130121$lBLL01$h1904
=CAT  \\$a12842$b40$c20130122$lBLL01$h1320
=CAT  \\$a12842$b40$c20130122$lBLL01$h1322
=CAT  \\$a12842$b40$c20130122$lBLL01$h1409
=CAT  \\$a12842$b40$c20130128$lBLL01$h1619
=CAT  \\$aWR13_070$b00$c20130504$lBLL01$h0341
=CAT  \\$aWR13.117$c20130718$lBLL01$h1854
=CAT  \\$a12842$b40$c20131007$lBLL01$h1735
=CAT  \\$aW1606-1727$c20160825$lBLL01$h1743
=CAT  \\$a14185$b40$c20221201$lBLL01$h1801
=CAT  \\$a14185$b40$c20221204$lBLL01$h1935
=CAT  \\$aW2302-0174$c20230223$lBLL01$h1959
=FIN  \\$aY$d20130121
=FMT  \\$a  MP
=LAS  \\$aW2302-0174$b00$c20230223$lBLL01$h1959

