=LDR  02770 em a2200553 a 4500
=001  016255950
=003  Uk
=005  20131007173740.0
=007  aj\aanzn
=008  130121s1755\\\\enk||||||\a\\\\\1\\\eng|\
=034  0\$aa
=040  \\$aUk$beng$cUk$dUk
=042  \\$aukblsr
=082  04$a912.42132$223
=100  1\$aBlome, Richard,$d-1705.
=245  14$aThe parish of St. James's, Westminster :$btaken from the last survey with corrections.
=255  \\$aScale not given.
=260  \\$a[London],$c1755.
=300  \\$a1 map ;$c36 x 30 cm
=336  \\$acartographic image$2rdacontent
=337  \\$aunmediated$2rdamedia
=338  \\$asheet$2rdacarrier
=500  \\$aFrom J. Strype's edition of J. Stow's Survey of the Cities of London and Westminster and borough of Southwark ..., published in 1754-56.
=500  \\$aPlate engraved ca. 1685; proof copy of this map at Maps Crace Port. 12.2.
=500  \\$aBelow map: Publish'd according to Act of Parliament 1755 for Stow's Survey, 75.
=500  \\$aA number of additions have been made: St James' Square layout altered, Marlboroguh House added and named, buildings inserted around Carnaby Market area.
=500  \\$aIncludes table of reference, lower left continuing bottom right with a list of new buildings.
=500  \\$aProminent buildings shown pictorially.
=510  4\$aCrace, John Gregory, A catalogue of maps, plans and views of London, Westminster and Southwark collected and arranged by Frederick Crace (1878),$cno. 3, p. 83
=510  4\$aFrench, Josephine. Tooley's dictionary of mapmakers A-D (1999),$cp. 151
=510  4\$aWorms, Laurence, Baynton-Williams, Ashley. British map engravers: a dictionary of engravers, lithographers and their principal employers,$bto 1850,$cpp. 90-91
=650  \0$aParishes$zEngland$zLondon$vMaps$vEarly works to 1800.
=651  \0$aWestminster (London, England)$vMaps$vEarly works to 1800.
=651  \0$aLondon (England)$vMaps$vEarly works to 1800.
=700  1\$aCrace, Frederick,$d1779-1859,$eformer owner.
=700  1\$aCrace, John Gregory,$d1809-1889,$edonor.
=852  41$aBritish Library$bMAPS$jMaps Crace Port. 12.3.(2.)
=856  41$3Copy at Maps Crace Port. 12.3.(2.)$uhttp://www.bl.uk/onlinegallery/onlineex/crace/t/007zzz000000012u000030a0.html$yDigitised map
=985  \\$aRecord amended for WR# 13/070
=985  \\$aRecord amended for WR1606-1727
=CAT  \\$a12842$b40$c20130122$lBLL01$h1407
=CAT  \\$a12842$b40$c20130128$lBLL01$h1621
=CAT  \\$aWR13_070$b00$c20130504$lBLL01$h0341
=CAT  \\$aWR13.117$c20130718$lBLL01$h1854
=CAT  \\$a12842$b40$c20131007$lBLL01$h1737
=CAT  \\$aW1606-1727$c20160825$lBLL01$h1742
=FIN  \\$aY$d20130121
=FMT  \\$a  MP
=LAS  \\$aW1606-1727$b00$c20160825$lBLL01$h1742

