=LDR  02804cem a2200553 a 4500
=001  016256016
=003  Uk
=005  20230223161704.0
=007  aj\canzn
=008  130122s1770\\\\enk||||||\a\\\\\0\\\eng|\
=034  1\$aa$dW0015119$eW0015214$fN0513058$gN0513013$2bound
=040  \\$aUk$beng$cUk$dUk
=042  \\$aukblsr
=082  04$a912.42132$223
=100  10$aRhodes, William,$esurveyor.
=245  12$aA correct plan of the parish of St James's, Westminster. 1770 /$cby William Rhodes.
=255  \\$aScale not given$c(W 1°51'19"--W 1°52'14"/N 51°30'58"--N 51°30'13").
=260  \\$c1770.
=300  \\$a1 map :$bhand col. ;$c51 x 37 cm
=336  \\$acartographic image$2rdacontent
=337  \\$aunmediated$2rdamedia
=338  \\$asheet$2rdacarrier
=500  \\$aParish boundary indicated by pecked line and outlined in red.
=500  \\$aWith MS annotations in ink and pencil including addition of streets names and street grid in Hay Market area; buildings and green spaces coloured.
=510  4\$aCrace, John Gregory, A catalogue of maps, plans and views of London, Westminster and Southwark collected and arranged by Frederick Crace (1878),$cno. 4, p. 83
=510  4\$aBendall, Sarah. Dictionary of land surveyors and local map-makers of Great Britain and Ireland (1997),$b1530-1850,$cno. R128, p. 430
=520  \\$aThis shows the street plan as finally laid out in Soho, with Carnaby Market, the adjacent workhouse and burying ground occupying the site where a pest house once stood. The title appears at top left, and the compass star at middle left.
=650  \0$aParishes$zEngland$zLondon$vMaps$vEarly works to 1800.
=651  \0$aWestminster (London, England)$vMaps$vEarly works to 1800.
=651  \0$aLondon (England)$vMaps$vEarly works to 1800.
=655  \7$aEarly maps.$2fast$0(OCoLC)fst01752681
=700  1\$aCrace, Frederick,$d1779-1859,$eformer owner.
=700  1\$aCrace, John Gregory,$d1809-1889,$edonor.
=852  41$aBritish Library$bMAPS$jMaps Crace Port. 12.4
=856  41$3Copy at Maps Crace Port. 12.4$uhttp://www.bl.uk/onlinegallery/onlineex/crace/a/007zzz000000012u00004000.html$yDigitised map
=985  \\$aUpgraded from BL georeferencer data 2022-11-17.
=985  \\$aRecord amended for WR1606-1727
=985  \\$aUpdated by MS generated file for WR2302-017
=CAT  \\$a12842$b40$c20130122$lBLL01$h1503
=CAT  \\$aWR13.117$c20130718$lBLL01$h1854
=CAT  \\$a12842$b40$c20131007$lBLL01$h1739
=CAT  \\$aW1606-1727$c20160825$lBLL01$h1742
=CAT  \\$aBATCH-UPD$b00$c20160825$lBLL01$h1744
=CAT  \\$a14185$b40$c20221201$lBLL01$h1801
=CAT  \\$a14185$b40$c20221204$lBLL01$h1936
=CAT  \\$aW2302-0174$c20230223$lBLL01$h1959
=FIN  \\$aY$d20130122
=FMT  \\$a  MP
=LAS  \\$aW2302-0174$b00$c20230223$lBLL01$h1959

