=LDR  02534cfm a2200541 a 4500
=001  016256078
=003  Uk
=005  20230223161704.0
=007  aj\aanzn
=008  130122q1796\\\\xx\||||||\a\\\\\0\\\eng|\
=034  0\$aa
=040  \\$aUk$beng$cUk$dUk
=042  \\$aukblsr
=082  04$a912.42132$223
=100  1\$aChawner, Thomas,$d1774-1851.
=245  10$a[Drawn plan of Marlborough House and garden and the several houses on the south side of Pall Mall to the fourth beyond the Marquis of Buckingham's House].
=255  \\$aScale not given.
=260  \\$c1796.
=300  \\$a1 map :$bhand col. ;$c44 x 58 cm
=336  \\$acartographic image$2rdacontent
=337  \\$aunmediated$2rdamedia
=338  \\$asheet$2rdacarrier
=500  \\$aPen and ink with wash on paper with additions in pencil.
=500  \\$aTitle taken from A catalogue of maps, plans and views of London, Westminster and Southwark collected and arranged by Frederick Crace, 1878.
=500  \\$aNote at bottom right: T. Chawner Copy of plan deld. July 1st 1796.
=500  \\$aShows Marlborough House and properties in Pall Mall with names of tenants and dimensions reported.
=510  4\$aCrace, John Gregory, A catalogue of maps, plans and views of London, Westminster and Southwark collected and arranged by Frederick Crace (1878),$cno. 6, p. 83
=510  4\$aFrench, Josephine. Tooley's dictionary of mapmakers A-D (1999),$cp. 260
=650  \0$aReal property$zEngland$zLondon$vMaps$vEarly works to 1800.
=651  \0$aWestminster (London, England)$vMaps$vEarly works to 1800.
=651  \0$aLondon (England)$vMaps$vEarly works to 1800.
=655  \7$aEarly maps.$2fast$0(OCoLC)fst01752681
=700  1\$aCrace, Frederick,$d1779-1859,$eformer owner.
=700  1\$aCrace, John Gregory,$d1809-1889,$edonor.
=852  41$aBritish Library$bMAPS$jMaps Crace Port. 12.6
=856  41$3Copy at Maps Crace Port. 12.6$uhttp://www.bl.uk/onlinegallery/onlineex/crace/p/007zzz000000012u00006000.html$yDigitised map
=985  \\$aRecord amended for WR1606-1727
=985  \\$aUpdated by MS generated file for WR2302-017
=CAT  \\$a12842$b40$c20130122$lBLL01$h1625
=CAT  \\$a12842$b40$c20130122$lBLL01$h1627
=CAT  \\$a12842$b40$c20130131$lBLL01$h1223
=CAT  \\$aWR13.117$c20130718$lBLL01$h1854
=CAT  \\$a12842$b40$c20131007$lBLL01$h1742
=CAT  \\$aW1606-1727$c20160825$lBLL01$h1742
=CAT  \\$aW2302-0174$c20230223$lBLL01$h1959
=FIN  \\$aY$d20130122
=FMT  \\$a  MP
=LAS  \\$aW2302-0174$b00$c20230223$lBLL01$h1959

