=LDR  03303cfm a2200601 a 4500
=001  016256085
=003  Uk
=005  20230223161704.0
=007  aj\aanzn
=008  130122q1796\\\\xx\||||||\a\\\\\0\\\eng|\
=034  1\$aa$dW0015150$eW0015216$fN0513029$gN0513016$2bound
=040  \\$aUk$beng$cUk$dUk
=042  \\$aukblsr
=082  04$a912.42132$223
=100  1\$aChawner, Thomas,$d1774-1851.
=245  10$a[Drawn plan of Carlton House and garden with adjoining property east and west].
=255  \\$aScale not given$c(W 1°51'50"--W 1°52'16"/N 51°30'29"--N 51°30'16").
=260  \\$c1796.
=300  \\$a1 map :$bhand col. ;$c49 x 98 cm
=336  \\$acartographic image$2rdacontent
=337  \\$aunmediated$2rdamedia
=338  \\$asheet$2rdacarrier
=500  \\$aPen and ink with wash on paper with extensive additions in pencil.
=500  \\$aTitle taken from MS annotation on verso.
=500  \\$aNote at bottom right: Surveyed by Mr. T. Chawner, 1796.
=500  \\$aShows Carlton House and properties in Pall Mall and Cockspur Street with some names of tenants and dimensions reported.
=510  4\$aCrace, John Gregory, A catalogue of maps, plans and views of London, Westminster and Southwark collected and arranged by Frederick Crace (1878),$cno. 7, p. 83
=510  4\$aFrench, Josephine. Tooley's dictionary of mapmakers A-D (1999),$cp. 260
=520  \\$aBuilt at the beginning of the 18th century for Henry Boyle, Baron Carlton, Carlton House house was purchased in 1732 by Frederick, Prince of Wales. It was in a poor state by the 1780s, and the Prince of Wales commissioned Henry Holland to reconstruct it. Work on the house began in 1783 and continued for 30 years, with neighbouring properties bought and demolished to make way for new wings. This plan shows the extensive walled garden laid out by William Kent along with the ground plots of other houses and stables in Pall Mall and Cockspur Street.
=650  \0$aArchitecture$zEngland$zLondon$vDesigns and plans$vEarly works to 1800.
=650  \0$aReal property$zEngland$zLondon$vMaps$vEarly works to 1800.
=651  \0$aWestminster (London, England)$vMaps$vEarly works to 1800.
=651  \0$aLondon (England)$vMaps$vEarly works to 1800.
=655  \7$aEarly maps.$2fast$0(OCoLC)fst01752681
=700  1\$aCrace, Frederick,$d1779-1859,$eformer owner.
=700  1\$aCrace, John Gregory,$d1809-1889,$edonor.
=852  41$aBritish Library$bMAPS$jMaps Crace Port. 12.7
=856  41$3Copy at Maps Crace Port. 12.7$uhttp://www.bl.uk/onlinegallery/onlineex/crace/other/007zzz000000012u00007000.html$yDigitised map
=985  \\$aUpgraded from BL georeferencer data 2022-11-17.
=985  \\$aRecord amended for WR1606-1727
=985  \\$aUpdated by MS generated file for WR2302-017
=CAT  \\$a12842$b40$c20130122$lBLL01$h1651
=CAT  \\$a12842$b40$c20130122$lBLL01$h1732
=CAT  \\$a12842$b40$c20130131$lBLL01$h1222
=CAT  \\$aWR13.117$c20130718$lBLL01$h1854
=CAT  \\$a12842$b40$c20131007$lBLL01$h1744
=CAT  \\$aW1606-1727$c20160825$lBLL01$h1742
=CAT  \\$a14185$b40$c20221201$lBLL01$h1802
=CAT  \\$a14185$b40$c20221204$lBLL01$h1936
=CAT  \\$aW2302-0174$c20230223$lBLL01$h1959
=FIN  \\$aY$d20130122
=FMT  \\$a  MP
=LAS  \\$aW2302-0174$b00$c20230223$lBLL01$h1959

