=LDR  02911cfm a2200565 a 4500
=001  016257749
=003  Uk
=005  20230223161706.0
=007  aj\canzn
=008  130122q1761\\\\xx\||||||\a\\\\\0\\\eng|\
=034  0\$aa
=040  \\$aUk$beng$cUk$dUk
=042  \\$aukblsr
=082  04$a912.42132$223
=245  00$a[Drawn plan of old Carlton House made for the Dowager Princess of Wales].
=255  \\$aScale not given.
=260  \\$c[1761?]
=300  \\$a1 plan :$bhand col. ;$c35 x 39 cm
=336  \\$acartographic image$2rdacontent
=337  \\$aunmediated$2rdamedia
=338  \\$avolume$2rdacarrier
=500  \\$aInk and pen with wash on paper with additions in pencil.
=500  \\$aTitle and date taken from A catalogue of maps, plans and views of London, Westminster and Southwark collected and arranged by Frederick Crace, 1878.
=500  \\$aAnother copy of this plan at Maps Crace Port. 12.9.(3.) which is dated 1786 in pencil and bears a note on proposed improvement at bottom margin. The prickmarks used for tracing are visible on this copy which is in a different hand.
=500  \\$aSupplies ground plan of Carlton House before refurbishment; rooms labelled for reference; some dimensions given.
=500  \\$aFrom 1783 the Carlton House was used as the town residence of the Prince Regent. Between 1783 and 1796 it was rebuilt to the design of the architect Henry Holland.
=510  4\$aCrace, John Gregory, A catalogue of maps, plans and views of London, Westminster and Southwark collected and arranged by Frederick Crace (1878),$cno. 80, p. 83
=600  10$aHolland, Henry,$d1745-1806,$earchitect.
=650  \0$aArchitecture$zEngland$zLondon$vDesigns and plans$vEarly works to 1800.
=650  \0$aReal property$zEngland$zLondon$vMaps$vEarly works to 1800.
=650  \0$aDwellings$zEngland$zLondon$vMaps$vEarly works to 1800.
=651  \0$aLondon (England)$vMaps$vEarly works to 1800.
=651  \0$aWestminster (London, England)$vMaps$vEarly works to 1800.
=655  \7$aEarly maps.$2fast$0(OCoLC)fst01752681
=700  1\$aCrace, Frederick,$d1779-1859,$eformer owner.
=700  1\$aCrace, John Gregory,$d1809-1889,$edonor.
=852  41$aBritish Library$bMAPS$jMaps Crace Port. 12.8
=856  41$3Copy at Maps Crace Port. 12.8$uhttp://www.bl.uk/onlinegallery/onlineex/crace/other/007zzz000000012u00008000.html$yDigitised map
=985  \\$aRecord amended for WR1606-1727
=985  \\$aUpdated by MS generated file for WR2302-017
=CAT  \\$a12842$b40$c20130122$lBLL01$h1736
=CAT  \\$a12842$b40$c20130123$lBLL01$h1140
=CAT  \\$a12842$b40$c20130123$lBLL01$h1150
=CAT  \\$aWR13.117$c20130718$lBLL01$h1854
=CAT  \\$a12842$b40$c20131007$lBLL01$h1746
=CAT  \\$aW1606-1727$c20160825$lBLL01$h1742
=CAT  \\$aW2302-0174$c20230223$lBLL01$h1959
=FIN  \\$aY$d20130122
=FMT  \\$a  MP
=LAS  \\$aW2302-0174$b00$c20230223$lBLL01$h1959

