=LDR  02333cfm a2200505 a 4500
=001  016258324
=003  Uk
=005  20230223161706.0
=007  aj\canzn
=008  130123q1811\\\\xx\||||||\a\\\\\0\\\eng|\
=034  0\$aa
=040  \\$aUk$beng$cUk$dUk
=042  \\$aukblsr
=082  04$a912.42132$223
=245  00$a[Drawn plan of the tables in the temporary rooms, Carlton House for the grand fête in 1811].
=255  \\$aScale not given.
=260  \\$cJune 1811.
=300  \\$a1 plan :$bhand col. ;$c44 x 58 cm
=336  \\$acartographic image$2rdacontent
=337  \\$aunmediated$2rdamedia
=338  \\$avolume$2rdacarrier
=500  \\$aPen and ink with wash on paper with additions in pencil.
=500  \\$aTitle taken from A catalogue of maps, plans and views of London, Westminster and Southwark collected and arranged by Frederick Crace, 1878.
=500  \\$aShows the arrangement of the tables for the grand fête given at Carlton House on 19th June 1811 to celebrate the Prince's of Wales new position as Regent of England.
=500  \\$aSigned 'Baber'; explanation to the colouring lower right.
=510  4\$aCrace, John Gregory, A catalogue of maps, plans and views of London, Westminster and Southwark collected and arranged by Frederick Crace (1878),$cno. 10, p. 83
=600  04$aGeorge$bIV,$cKing of Great Britain,$d1762-1830.
=650  \0$aArchitectural drawing$zEngland$zLondon$vMaps.
=650  \0$aArchitecture$zEngland$zLondon$vDesigns and plans.
=651  \0$aLondon (England)$vMaps.
=655  \7$aMaps.$2fast$0(OCoLC)fst01423704
=700  1\$aCrace, Frederick,$d1779-1859,$eformer owner.
=700  1\$aCrace, John Gregory,$d1809-1889,$edonor.
=852  41$aBritish Library$bMAPS$jMaps Crace Port. 12.10
=856  41$3Copy at Maps Crace Port. 12.10$uhttp://www.bl.uk/onlinegallery/onlineex/crace/other/007zzz000000012u00010000.html$yDigitised map
=985  \\$aRecord amended for WR1606-1727
=985  \\$aUpdated by MS generated file for WR2302-017
=CAT  \\$a12842$b40$c20130123$lBLL01$h1447
=CAT  \\$aWR13.117$c20130718$lBLL01$h1854
=CAT  \\$a12842$b40$c20131009$lBLL01$h1103
=CAT  \\$aW1606-1727$c20160825$lBLL01$h1742
=CAT  \\$aW2302-0174$c20230223$lBLL01$h1959
=FIN  \\$aY$d20130123
=FMT  \\$a  MP
=LAS  \\$aW2302-0174$b00$c20230223$lBLL01$h1959

