=LDR  02833cem a2200565 a 4500
=001  016258387
=003  Uk
=005  20230223161706.0
=007  aj\aanzn
=008  130123s1826\\\\enk||||||\a\\\\\0\\\eng|\
=034  0\$aa
=040  \\$aUk$beng$cUk$dUk
=042  \\$aukblsr
=082  04$a912.42132$223
=100  1\$aPugin, Augustus,$d1762-1832.
=245  10$aCarlton Palace /$cA. Pugin delt. ; Holland archt. ; Adlard, sculpt.
=255  \\$aScale not given.
=260  \\$aLondon :$bpublished by J. Taylor, High Holborn,$cNovr. 1826.
=300  \\$a1 map ;$c11 x 17 cm
=336  \\$acartographic image$2rdacontent
=337  \\$aunmediated$2rdamedia
=338  \\$asheet$2rdacarrier
=500  \\$aFrom vol. 2 of Illustrations of the Public Buildings of London, published by J. Taylor in 1828.
=500  \\$aSupplies ground and basement plan of Carlton House; rooms lettered for reference with key at lower left and right; dimensions reported.
=500  \\$aFrom 1783 the Carlton House was used as the town residence of the Prince Regent. Between 1783 and 1796 it was rebuilt to the design of the architect Henry Holland. Carlton House was demolished in 1825 and replaced with Carlton House Terrace.
=510  4\$aCrace, John Gregory, A catalogue of maps, plans and views of London, Westminster and Southwark collected and arranged by Frederick Crace (1878),$cno. 11, p. 83
=510  4\$aAdams, Bernard, London illustrated (1983),$b1604-1851,$cno. 146 (108), p. 354
=510  4\$aFrench, Josephine. Tooley's dictionary of mapmakers A-D (1999),$cp. 10
=510  4\$aWorms, Laurence, Baynton-Williams, Ashley. British map engravers: a dictionary of engravers, lithographers and their principal employers,$bto 1850,$cp. 7
=650  \0$aArchitecture$zEngland$zLondon$vDesigns and plans.
=651  \0$aWestminster (London, England)$vMaps.
=651  \0$aLondon (England)$vMaps.
=655  \7$aMaps.$2fast$0(OCoLC)fst01423704
=700  1\$aCrace, Frederick,$d1779-1859,$eformer owner.
=700  1\$aCrace, John Gregory,$d1809-1889,$edonor.
=700  1\$aHolland, Henry,$d1745-1806,$earchitect.
=700  1\$aTaylor, J.,$epublisher.
=700  1\$aAdlard, Henry,$eengraver.
=852  41$aBritish Library$bMAPS$jMaps Crace Port. 12.11
=856  41$3Copy at Maps Crace Port. 12.11$uhttp://www.bl.uk/onlinegallery/onlineex/crace/p/007000000000012u00011000.html$yDigitised map
=985  \\$aRecord amended for WR1606-1727
=985  \\$aUpdated by MS generated file for WR2302-017
=CAT  \\$a12842$b40$c20130123$lBLL01$h1607
=CAT  \\$aWR13.117$c20130718$lBLL01$h1854
=CAT  \\$a12842$b40$c20131009$lBLL01$h1105
=CAT  \\$aW1606-1727$c20160825$lBLL01$h1742
=CAT  \\$aW2302-0174$c20230223$lBLL01$h1959
=FIN  \\$aY$d20130122
=FMT  \\$a  MP
=LAS  \\$aW2302-0174$b00$c20230223$lBLL01$h1959

