=LDR  03069cfm a2200565 a 4500
=001  016258447
=003  Uk
=005  20230223161706.0
=007  aj\canzn
=008  130123q1794\\\\enk||||||\a\\\\\0\\\eng|\
=034  1\$aa$dW0015146$eW0015209$fN0513036$gN0513021$2bound
=040  \\$aUk$beng$cUk$dUk
=042  \\$aukblsr
=082  04$a912.42132$223
=100  1\$aChawner, Thomas,$d1774-1851.
=245  10$a[Drawn plan of part of Pall Mall, north side, St Alban Street, St James' Market &c. as it was in 1794] /$csurvey'd by Thomas Chawner, surveyor to the Land Revenue.
=255  \\$aScale not given$c(W 1°51'46"--W 1°52'09"/N 51°30'36"--N 51°30'21").
=260  \\$cMay 1794.
=300  \\$a1 map :$bhand col. ;$c44 x 64 cm
=336  \\$acartographic image$2rdacontent
=337  \\$aunmediated$2rdamedia
=338  \\$asheet$2rdacarrier
=500  \\$aPen and ink with wash on paper.
=500  \\$aTitle taken from A catalogue of maps, plans and views of London, Westminster and Southwark collected and arranged by Frederick Crace, 1878.
=500  \\$aNames of tenants and abutting owners reported, properties numbered and coloured for reference with dimensions given.
=510  4\$aCrace, John Gregory, A catalogue of maps, plans and views of London, Westminster and Southwark collected and arranged by Frederick Crace (1878),$cno. 12, p. 84
=510  4\$aFrench, Josephine. Tooley's dictionary of mapmakers A-D (1999),$cp. 260
=520  \\$aThis plan records the size, street number and the tenant of each property. It also shows the ground plan of St James's Market to the south of Jermyn Street, before it was demolished to make way for Waterloo Place and Regent Street. St James's Market had flourished until the early years of the 19th century as a thrice-weekly general market, supplying most of the West End.
=650  \0$aReal property$zEngland$zLondon$vMaps$vEarly works to 1800.
=651  \0$aWestminster (London, England)$vMaps$vEarly works to 1800.
=651  \0$aLondon (England)$vMaps$vEarly works to 1800.
=655  \7$aEarly maps.$2fast$0(OCoLC)fst01752681
=700  1\$aCrace, Frederick,$d1779-1859,$eformer owner.
=700  1\$aCrace, John Gregory,$d1809-1889,$edonor.
=852  41$aBritish Library$bMAPS$jMaps Crace Port. 12.12
=856  41$3Copy at Maps Crace Port. 12.12$uhttp://www.bl.uk/onlinegallery/onlineex/crace/other/007zzz000000012u00012000.html$yDigitised map
=985  \\$aUpgraded from BL georeferencer data 2022-11-17.
=985  \\$aRecord amended for WR1606-1727
=985  \\$aUpdated by MS generated file for WR2302-017
=CAT  \\$a12842$b40$c20130123$lBLL01$h1725
=CAT  \\$a12842$b40$c20130131$lBLL01$h1224
=CAT  \\$aWR13.117$c20130718$lBLL01$h1854
=CAT  \\$a12842$b40$c20131009$lBLL01$h1113
=CAT  \\$aW1606-1727$c20160825$lBLL01$h1742
=CAT  \\$a14185$b40$c20221201$lBLL01$h1802
=CAT  \\$a14185$b40$c20221204$lBLL01$h1937
=CAT  \\$aW2302-0174$c20230223$lBLL01$h1959
=FIN  \\$aY$d20130123
=FMT  \\$a  MP
=LAS  \\$aW2302-0174$b00$c20230223$lBLL01$h1959

