=LDR  02893cfm a2200565 a 4500
=001  016258454
=003  Uk
=005  20230223161706.0
=007  aj\canzn
=008  130123q1794\\\\enk||||||\a\\\\\0\\\eng|\
=034  1\$aa$dW0015146$eW0015159$fN0513036$gN0513030$2bound
=040  \\$aUk$beng$cUk$dUk
=042  \\$aukblsr
=082  04$a912.42132$223
=100  1\$aChawner, Thomas,$d1774-1851.
=245  10$a[Drawn plan of Jermyn Street and Piccadilly from the White Bear to Church Passage].
=255  \\$aScale not given$c(W 1°51'46"--W 1°51'59"/N 51°30'36"--N 51°30'30").
=260  \\$c[1794]
=300  \\$a1 map :$bhand col. ;$c50 x 22 cm
=336  \\$acartographic image$2rdacontent
=337  \\$aunmediated$2rdamedia
=338  \\$asheet$2rdacarrier
=500  \\$aPen and ink with wash on paper with additions in pencil.
=500  \\$aTitle and date taken from A catalogue of maps, plans and views of London, Westminster and Southwark collected and arranged by Frederick Crace, 1878.
=500  \\$aNames of tenants and abutting owners reported, properties numbered and coloured for reference with dimensions given.
=510  4\$aCrace, John Gregory, A catalogue of maps, plans and views of London, Westminster and Southwark collected and arranged by Frederick Crace (1878),$cno. 14, p. 84
=510  4\$aFrench, Josephine. Tooley's dictionary of mapmakers A-D (1999),$cp. 260
=520  \\$aGranted by Charles II to Henry Jermyn, Earl of St Albans, in 1680, this large part of the Crown Estate became famous for its luxury hotels in the 18th century. This plan records the size, the street number and name of the tenant of each property.
=650  \0$aReal property$zEngland$zLondon$vMaps$vEarly works to 1800.
=651  \0$aWestminster (London, England)$vMaps$vEarly works to 1800.
=651  \0$aLondon (England)$vMaps$vEarly works to 1800.
=655  \7$aEarly maps.$2fast$0(OCoLC)fst01752681
=700  1\$aCrace, Frederick,$d1779-1859,$eformer owner.
=700  1\$aCrace, John Gregory,$d1809-1889,$edonor.
=852  41$aBritish Library$bMAPS$jMaps Crace Port. 12.14
=856  41$3Copy at Maps Crace Port. 12.14$uhttp://www.bl.uk/onlinegallery/onlineex/crace/other/007zzz000000012u00014000.html$yDigitised map
=985  \\$aUpgraded from BL georeferencer data 2022-11-17.
=985  \\$aRecord amended for WR1606-1727
=985  \\$aUpdated by MS generated file for WR2302-017
=CAT  \\$a12842$b40$c20130123$lBLL01$h1745
=CAT  \\$a12842$b40$c20130131$lBLL01$h1224
=CAT  \\$aWR13.117$c20130718$lBLL01$h1854
=CAT  \\$a12842$b40$c20131009$lBLL01$h1117
=CAT  \\$aW1606-1727$c20160825$lBLL01$h1742
=CAT  \\$a14185$b40$c20221201$lBLL01$h1803
=CAT  \\$a14185$b40$c20221204$lBLL01$h1938
=CAT  \\$aW2302-0174$c20230223$lBLL01$h1959
=FIN  \\$aY$d20130123
=FMT  \\$a  MP
=LAS  \\$aW2302-0174$b00$c20230223$lBLL01$h1959

