=LDR  03435cfm a2200649 a 4500
=001  016258730
=003  Uk
=005  20230223161706.0
=007  aj\canzn
=008  130123q1796\\\\enk||||||\a\\\\\0\\\eng|\
=034  1\$aa$dW0015145$eW0015201$fN0513040$gN0513032$2bound
=040  \\$aUk$beng$cUk$dUk
=042  \\$aukblsr
=082  04$a912.42132$223
=100  1\$aChawner, Thomas,$d1774-1851.
=245  10$aPlan of houses and ground in Piccadilly, Tichbourne Street & Marybone Street :$bbelonging to the Crown and design for widening Tichbourne Street & Marybone Street made by order of John Fordyce Esq. His Majesty's Surveyor General /$cby John Marquand & Thomas Leverton, 1796 ; Thom. Chawner.
=255  \\$aScale not given$c(W 1°51'45"--W 1°52'01"/N 51°30'40"--N 51°30'32").
=260  \\$c1796.
=300  \\$a1 map :$bhand coloured ;$c38 x 56 cm
=336  \\$acartographic image$2rdacontent
=337  \\$aunmediated$2rdamedia
=338  \\$asheet$2rdacarrier
=500  \\$aPen and ink with wash on paper.
=500  \\$aCopy of plan delineated June 17th 1796.
=500  \\$aProposed widening of the street shown by pecked red line. Premises numbered and coloured for reference with dimensions given. Accompanied by a register of tenants including lease details.
=510  4\$aCrace, John Gregory, A catalogue of maps, plans and views of London, Westminster and Southwark collected and arranged by Frederick Crace (1878),$cno. 15, p. 84
=510  4\$aFrench, Josephine. Tooley's dictionary of mapmakers A-D (1999),$cp. 260
=510  4\$aScott, Valerie. Tooley's dictionary of mapmakers K-P (2003),$cp. 127 ; p. 208
=520  \\$aThe plan shows Leverton's design for widening the street with a red line marking the proposed new width. A key to tenant occupiers on Titchborne Street and the terms of their leases appear in a table at the top right
=650  \0$aReal property$zEngland$zLondon$vMaps$vEarly works to 1800.
=650  \0$aCity planning$zEngland$zLondon$vMaps$vEarly works to 1800.
=651  \0$aWestminster (London, England)$vMaps$vEarly works to 1800.
=651  \0$aLondon (England)$vMaps$vEarly works to 1800.
=655  \7$aEarly maps.$2fast$0(OCoLC)fst01752681
=700  1\$aCrace, Frederick,$d1779-1859,$eformer owner.
=700  1\$aCrace, John Gregory,$d1809-1889,$edonor.
=700  1\$aLeverton, Thomas,$dapproximately 1743-1824,$earchitect.
=700  1\$aMarquand, John,$esurveyor.
=852  41$aBritish Library$bMAPS$jMaps Crace Port. 12.15
=856  41$3Copy at Maps Crace Port. 12.15$uhttp://www.bl.uk/onlinegallery/onlineex/crace/p/007zzz000000012u00015000.html$yDigitised map
=985  \\$aRecord amended for WR1606-1727
=985  \\$aUpgraded from BL georeferencer data 2022-11-17.
=985  \\$aUpdated by MS generated file for WR2302-017
=CAT  \\$a12842$b40$c20130124$lBLL01$h1204
=CAT  \\$a12842$b40$c20130124$lBLL01$h1209
=CAT  \\$a12842$b40$c20130131$lBLL01$h1222
=CAT  \\$aWR13.117$c20130718$lBLL01$h1854
=CAT  \\$a5100$b40$c20130723$lBLL01$h1421
=CAT  \\$a12842$b40$c20131009$lBLL01$h1120
=CAT  \\$aW1606-1727$c20160825$lBLL01$h1742
=CAT  \\$a14185$b40$c20221201$lBLL01$h1803
=CAT  \\$a14185$b40$c20221201$lBLL01$h2117
=CAT  \\$a14185$b40$c20221204$lBLL01$h1939
=CAT  \\$aW2302-0174$c20230223$lBLL01$h1959
=FIN  \\$aY$d20130124
=FMT  \\$a  MP
=LAS  \\$aW2302-0174$b00$c20230223$lBLL01$h1959

