=LDR  03362cem a2200589 a 4500
=001  016258808
=003  Uk
=005  20230223161706.0
=007  aj\canzn
=008  130124s1813\\\\enk||||||\a\\\\\0\\\eng|\
=034  1\$aa$b3700$dW0015107$eW0015228$fN0513121$gN0513017$2bound
=040  \\$aUk$beng$cUk$dUk
=042  \\$aukblsr
=082  04$a912.42132$223
=100  1\$aBasire, James,$d1769-1822,$eengraver.
=245  10$aPlan presented to the House of Commons, of a street proposed from Charing Cross to Portland Place, leading to the Crown Estate in Mary-le-Bone Park, on a reduced scale /$cJs. Basire sculp.
=255  \\$aScale approximately 1:3,700$c(W 1°51'07"--W 1°52'28"/N 51°31'21"--N 51°30'17").
=260  \\$a[London] :$bLuke Hansard & Sons Printers,$c1813.
=300  \\$a1 map :$bcol. ;$c30 x 58 cm
=336  \\$acartographic image$2rdacontent
=337  \\$aunmediated$2rdamedia
=338  \\$asheet$2rdacarrier
=500  \\$aShows proposed development including widening of the streets; with explanatory note at bottom centre.
=500  \\$aBelow plan: 156, Ordered by the House of Commons to be printed 10th May 1813.
=510  4\$aCrace, John Gregory, A catalogue of maps, plans and views of London, Westminster and Southwark collected and arranged by Frederick Crace (1878),$cno. 16, p. 84
=510  4\$aFrench, Josephine. Tooley's dictionary of mapmakers A-D (1999),$cp. 94
=510  4\$aFrench, Josephine. Tooley's dictionary of mapmakers E-J (2001),$cp. 263
=510  4\$aWorms, Laurence, Baynton-Williams, Ashley. British map engravers: a dictionary of engravers, lithographers and their principal employers,$bto 1850,$cp. 55-56
=520  \\$aThis original design for Regent Street was commissioned by the House of Commons. The title appears along the top, with a descriptive note below the plan and a scale bar at the bottom centre. Crown Property is highlighted in blue. Starting at Carlton House, Regent Street ran through crownland at Piccadilly (where a circus was built) before turning north-west along Swallow Street, in Soho, finally joining Portland Place north of Oxford Street.
=650  \0$aCity planning$zEngland$zLondon$vMaps.
=651  \0$aWestminster (London, England)$vMaps.
=651  \0$aLondon (England)$vMaps.
=655  \7$aMaps.$2fast$0(OCoLC)fst01423704
=700  1\$aCrace, Frederick,$d1779-1859,$eformer owner.
=700  1\$aCrace, John Gregory,$d1809-1889,$edonor.
=710  1\$aGreat Britain.$bParliament.$bHouse of Commons.
=710  2\$aJames & Luke G. Hansard & Sons, Printers.
=852  41$aBritish Library$bMAPS$jMaps Crace Port. 12.16
=856  41$3Copy at Maps Crace Port. 12.16$uhttp://www.bl.uk/onlinegallery/onlineex/crace/p/007zzz000000012u00016000.html$yDigitised map
=985  \\$aUpgraded from BL georeferencer data 2022-11-17.
=985  \\$aRecord amended for WR1606-1727
=985  \\$aUpdated by MS generated file for WR2302-017
=CAT  \\$a12842$b40$c20130124$lBLL01$h1349
=CAT  \\$aWR13.117$c20130718$lBLL01$h1854
=CAT  \\$a12842$b40$c20131009$lBLL01$h1123
=CAT  \\$aW1606-1727$c20160825$lBLL01$h1742
=CAT  \\$a14185$b40$c20221201$lBLL01$h1553
=CAT  \\$a14185$b40$c20221202$lBLL01$h1423
=CAT  \\$aW2302-0174$c20230223$lBLL01$h1959
=FIN  \\$aY$d20130124
=FMT  \\$a  MP
=LAS  \\$aW2302-0174$b00$c20230223$lBLL01$h1959

