=LDR  03188cem a2200565 a 4500
=001  016258936
=003  Uk
=005  20221202142405.0
=007  aj\canzn
=008  130124q1814\\\\enk||||||\a\\\\\0\\\eng|\
=034  1\$aa$b6100$dW0015054$eW0015238$fN0513131$gN0513018$2bound
=040  \\$aUk$beng$cUk$dUk
=042  \\$aukblsr
=082  04$a912.42132$223
=100  1\$aFaden, William,$d1749-1836.
=245  10$aPlan of a street proposed from Charing Cross to Portland Place designed by I. Nash Esq.
=255  \\$aScale approximately 1:6,100$c(W 1°50'54"--W 1°52'38"/N 51°31'31"--N 51°30'18").
=260  \\$a[London] :$bpublished by W. Faden, Geographer to his Majesty & to H.R.G. the Prince Regent, Charing Cross,$cMay 11th 1814.
=300  \\$a1 map :$bcol. ;$c40 x 30 cm
=336  \\$acartographic image$2rdacontent
=337  \\$aunmediated$2rdamedia
=338  \\$asheet$2rdacarrier
=500  \\$aMS additions to the east of Charing Cross including Northumberland House; the drainage of the streets and the Kings Scholars Pond sewers shown in red.
=510  4\$aCrace, John Gregory, A catalogue of maps, plans and views of London, Westminster and Southwark collected and arranged by Frederick Crace (1878),$cno. 17, p. 84
=510  4\$aFrench, Josephine. Tooley's dictionary of mapmakers E-J (2001),$cpp. 45-46
=510  4\$aWorms, Laurence, Baynton-Williams, Ashley. British map engravers: a dictionary of engravers, lithographers and their principal employers,$bto 1850,$cpp. 221-225 ; pp. 661-662
=520  \\$aThis is Nash's original design for Regent Street. The title appears at top right, with compass star and scale bar at the bottom left. The course of the street highlighted in yellow, with Crown property is highlighted in blue. Starting at Carlton House, Regent Street ran through crownland at Piccadilly (where a circus was built) before turning north-west along Swallow Street, in Soho, finally joining Portland Place north of Oxford Street.
=650  \0$aReal property$zEngland$zLondon$vMaps.
=650  \0$aSewerage$zEngland$zLondon$vMaps.
=651  \0$aWestminster (London, England)$vMaps.
=651  \0$aLondon (England)$vMaps.
=700  1\$aCrace, Frederick,$d1779-1859,$eformer owner.
=700  1\$aCrace, John Gregory,$d1809-1889,$edonor.
=700  1\$aNash, John,$d1752-1835,$earchitect.
=700  1\$aThomson, Michael,$dactive 1809-1815,$eengraver.
=852  41$aBritish Library$bMAPS$jMaps Crace Port. 12.17
=856  41$3Copy at Maps Crace Port. 12.17$uhttp://www.bl.uk/onlinegallery/onlineex/crace/p/007zzz000000012u00017000.html$yDigitised map
=985  \\$aUpgraded from BL georeferencer data 2022-11-17.
=985  \\$aRecord amended for WR# 13/070
=985  \\$aRecord amended for WR1606-1727
=CAT  \\$a12842$b40$c20130124$lBLL01$h1503
=CAT  \\$aWR13_070$b00$c20130504$lBLL01$h0341
=CAT  \\$aWR13.117$c20130718$lBLL01$h1854
=CAT  \\$a12842$b40$c20131009$lBLL01$h1126
=CAT  \\$aW1606-1727$c20160825$lBLL01$h1742
=CAT  \\$a14185$b40$c20221201$lBLL01$h1554
=CAT  \\$a14185$b40$c20221202$lBLL01$h1424
=FIN  \\$aY$d20130122
=FMT  \\$a  MP
=LAS  \\$a14185$b40$c20221202$lBLL01$h1424

