=LDR  02599 am a2200517 a 4500
=001  016259010
=003  Uk
=005  20131009115229.0
=007  aj\aanzn
=008  131001q1812\\\\enk||||||\\\\\||0\|\eng|\
=040  \\$aUk$beng$cUk$dUk
=042  \\$aukblsr
=245  00$aComparative view of the estimates of the Messrs. Leverton & Chawner and Mr Nash relative to the proposed new street of communica[tion] between Westminster and Marylebone Park :$baccording to the original plan submited by Mr Nash and printed in the first triennial report of the Commissioners of His Majestys Woods, Forests & Lands Revenue.
=255  \\$aScale not given.
=260  \\$c[1812]
=300  \\$a1 sheet ;$c22 x 55 cm
=336  \\$atext$2rdacontent
=337  \\$aunmediated$2rdamedia
=338  \\$asheet$2rdacarrier
=500  \\$aCaption title.
=500  \\$aPen with red and black ink on paper with additions in pencil.
=500  \\$aDate taken from pencil annotation, upper centre.
=500  \\$aManuscript detailing with the accounts prepared for the Commissioners of Woods, Forests and Land Revenue to compare the costs of alternative projects for Regent Street.
=500  \\$aRegent Street was completed in 1825 and was one of the first planned developments of London.
=510  4\$aCrace, John Gregory, A catalogue of maps, plans and views of London, Westminster and Southwark collected and arranged by Frederick Crace (1878),$cno. 18, p. 84
=600  10$aNash, John,$d1752-1835,$earchitect.
=600  10$aChawner, Thomas,$d1774-1851.
=600  10$aLeverton, Thomas,$dapproximately 1743-1824,$earchitect.
=650  \0$aCity planning$xHistory$zEngland$zLondon.
=650  \0$aArchitecture$xDesign and construction$xEstimates$zEngland$zLondon.
=651  \0$aRegent Street (London, England)$vHistory.
=700  1\$aCrace, Frederick,$d1779-1859,$eformer owner.
=700  1\$aCrace, John Gregory,$d1809-1889,$edonor.
=852  41$aBritish Library$bMAPS$jMaps Crace Port. 12.18
=856  41$3Copy at Maps Crace Port. 12.18$uhttp://www.bl.uk/onlinegallery/onlineex/crace/c/007zzz000000012u00018000.html$yDigitised map
=985  \\$aRecord amended for WR1606-1727
=CAT  \\$a12842$b40$c20130124$lBLL01$h1619
=CAT  \\$a12842$b40$c20130124$lBLL01$h1621
=CAT  \\$a12842$b40$c20130124$lBLL01$h1626
=CAT  \\$aWR13.117$c20130718$lBLL01$h1854
=CAT  \\$a5100$b40$c20130723$lBLL01$h1421
=CAT  \\$a12842$b40$c20131009$lBLL01$h1152
=CAT  \\$aW1606-1727$c20160825$lBLL01$h1742
=FIN  \\$aY$d20130124
=FMT  \\$a  BK
=LAS  \\$aW1606-1727$b00$c20160825$lBLL01$h1742

