=LDR  02965cfm a2200601 a 4500
=001  016259025
=003  Uk
=005  20230223161706.0
=007  aj\aanzn
=008  130124q1797\\\\enk||||||\a\\\\\0\\\eng|\
=034  1\$aa$dW0015130$eW0015144$fN0513048$gN0513037$2bound
=040  \\$aUk$beng$cUk$dUk
=042  \\$aukblsr
=082  04$a912.42132$223
=100  1\$aChawner, Thomas,$d1774-1851.
=245  10$a[Drawn plan of the property between Swallow Street and King Street from Beak Street to Major Foubert's Passage] /$cby Thomas Chawner, surveyor Land Revenue.
=255  \\$aScale not given$c(W 1°51'30"--W 1°51'44"/N 51°30'48"--N 51°30'37").
=260  \\$c1797.
=300  \\$a1 map ;$c58 x 44 cm
=336  \\$acartographic image$2rdacontent
=337  \\$aunmediated$2rdamedia
=338  \\$asheet$2rdacarrier
=500  \\$aPen and ink with wash on paper with additions in pencil.
=500  \\$aTitle taken from A catalogue of maps, plans and views of London, Westminster and Southwark collected and arranged by Frederick Crace, 1878.
=500  \\$aNote at bottom right: Copy Decr. 8th 1797.
=500  \\$aShows properties on Swallow Street demolished when Regent Street was built.
=510  4\$aCrace, John Gregory, A catalogue of maps, plans and views of London, Westminster and Southwark collected and arranged by Frederick Crace (1878),$cno. 19, p. 85
=510  4\$aFrench, Josephine. Tooley's dictionary of mapmakers A-D (1999),$cp. 260
=520  \\$aThis plan shows the properties on Swallow Street that had to be demolished when Regent Street was built.
=650  \0$aReal property$zEngland$zLondon$vMaps$vEarly works to 1800.
=650  \0$aCity planning$zEngland$zLondon$vMaps$vEarly works to 1800.
=651  \0$aWestminster (London, England)$vMaps$vEarly works to 1800.
=651  \0$aWest End (London, England)$vMaps$vEarly works to 1800.
=651  \0$aLondon (England)$vMaps$vEarly works to 1800.
=655  \7$aEarly maps.$2fast$0(OCoLC)fst01752681
=700  1\$aCrace, Frederick,$d1779-1859,$eformer owner.
=700  1\$aCrace, John Gregory,$d1809-1889,$edonor.
=852  41$aBritish Library$bMAPS$jMaps Crace Port. 12.19
=856  41$3Copy at Maps Crace Port. 12.19$uhttp://www.bl.uk/onlinegallery/onlineex/crace/other/007zzz000000012u00019000.html$yDigitised map
=985  \\$aUpgraded from BL georeferencer data 2022-11-17.
=985  \\$aRecord amended for WR1606-1727
=985  \\$aUpdated by MS generated file for WR2302-017
=CAT  \\$a12842$b40$c20130124$lBLL01$h1634
=CAT  \\$a12842$b40$c20130131$lBLL01$h1222
=CAT  \\$aWR13.117$c20130718$lBLL01$h1854
=CAT  \\$a12842$b40$c20131009$lBLL01$h1155
=CAT  \\$aW1606-1727$c20160825$lBLL01$h1742
=CAT  \\$a14185$b40$c20221201$lBLL01$h1803
=CAT  \\$a14185$b40$c20221204$lBLL01$h1940
=CAT  \\$aW2302-0174$c20230223$lBLL01$h1959
=FIN  \\$aY$d20130124
=FMT  \\$a  MP
=LAS  \\$aW2302-0174$b00$c20230223$lBLL01$h1959

