=LDR  03406cfm a2200577 a 4500
=001  016259057
=003  Uk
=005  20230223161706.0
=007  aj\canzn
=008  130124q1836\\\\enk||||||\a\\\\\0\\\eng|\
=034  1\$aa$dW0015131$eW0015154$fN0513021$gN0513010$2bound
=040  \\$aUk$beng$cUk$dUk
=042  \\$aukblsr
=082  04$a912.42132$223
=100  1\$aChawner, Thomas,$d1774-1851.
=245  10$a[Drawn plan of St James's Palace, Marlborough House, York House, Bridgewater House and the improvements intended in St James's Street and Thatched House Court, &c.].
=255  \\$aScale not given$c(W 1°51'31"--W 1°51'54"/N 51°30'21"--N 51°30'10").
=260  \\$c[1836]
=300  \\$a1 map :$bhand col. ;$c57 x 77 cm
=336  \\$acartographic image$2rdacontent
=337  \\$aunmediated$2rdamedia
=338  \\$asheet$2rdacarrier
=500  \\$aPen and ink with wash on paper with additions in pencil.
=500  \\$aTitle and date taken from A catalogue of maps, plans and views of London, Westminster and Southwark collected and arranged by Frederick Crace, 1878.
=500  \\$aProperties coloured and labelled. Pencil annotation at bottom left: surveyed by Thomas Chawner, 82 Guildford Street 1834.
=510  4\$aCrace, John Gregory, A catalogue of maps, plans and views of London, Westminster and Southwark collected and arranged by Frederick Crace (1878),$cno. 20, p. 85
=510  4\$aFrench, Josephine. Tooley's dictionary of mapmakers A-D (1999),$cp. 260
=520  \\$aThe plan shows part of the garden of Marlborough House. The neighbouring St James Palace, Thatched House, Bridgewater House, York House and other properties on St James's Street are shown with their respective lease-expiry dates. Marlborough House was built for Sarah, Duchess of Marlborough, when Queen Anne granted a 50-year lease on the land adjoining St. James's Palace. The house remained in the Marlborough family until 1817 when it was returned to the Crown. Sir Christopher Wren had originally been commissioned to design the house, but the Duchess of Marlborough, unhappy with his work, took over the project herself. Work on the house started in 1709 and was completed by 1711.
=650  \0$aReal property$zEngland$zLondon$vMaps.
=650  \0$aCity planning$zEngland$zLondon$vMaps.
=651  \0$aWestminster (London, England)$xMaps.
=651  \0$aLondon (England)$vMaps.
=655  \7$aMaps.$2fast$0(OCoLC)fst01423704
=700  1\$aCrace, Frederick,$d1779-1859,$eformer owner.
=700  1\$aCrace, John Gregory,$d1809-1889,$edonor.
=852  41$aBritish Library$bMAPS$jMaps Crace Port. 12.20
=856  41$3Copy at Maps Crace Port. 12.20$uhttp://www.bl.uk/onlinegallery/onlineex/crace/other/007zzz000000012u00020000.html$yDigitised map
=985  \\$aUpgraded from BL georeferencer data 2022-11-17.
=985  \\$aRecord amended for WR1606-1727
=985  \\$aUpdated by MS generated file for WR2302-017
=CAT  \\$a12842$b40$c20130124$lBLL01$h1705
=CAT  \\$a12842$b40$c20130131$lBLL01$h1219
=CAT  \\$aWR13.117$c20130718$lBLL01$h1854
=CAT  \\$a12842$b40$c20131009$lBLL01$h1157
=CAT  \\$aW1606-1727$c20160825$lBLL01$h1742
=CAT  \\$a14185$b40$c20221201$lBLL01$h1804
=CAT  \\$a14185$b40$c20221204$lBLL01$h1941
=CAT  \\$aW2302-0174$c20230223$lBLL01$h1959
=FIN  \\$aY$d20130124
=FMT  \\$a  MP
=LAS  \\$aW2302-0174$b00$c20230223$lBLL01$h1959

