=LDR  02978cem a2200601 a 4500
=001  016259060
=003  Uk
=005  20230223161707.0
=007  aj\aanzn
=008  130124q17671771enk||||||\a\\\\\0\\\eng|\
=034  0\$aa
=040  \\$aUk$beng$cUk$dUk
=042  \\$aukblsr
=082  04$a912.42132$223
=100  10$aCampbell, Colen,$d1676-1729.
=245  14$aThe plan of Marlborough House, St James's.
=246  11$aPlan de L'Hostel de Marlborough a Londres
=255  \\$aScale not given.
=260  \\$a[London,$c1767-71]
=300  \\$a1 plan ;$c38 x 25 cm
=336  \\$acartographic image$2rdacontent
=337  \\$aunmediated$2rdamedia
=338  \\$avolume$2rdacarrier
=500  \\$aDate in imprint and publisher's names taken from London illustrated, B. Adams. Date 1790 is given in A catalogue of maps, plans and views of London, Westminster and Southwark collected and arranged by Frederick Crace, 1878.
=500  \\$aFirst published in vol. 1 of Vitruvius Britannicus, or the British Architect, published by Colen Campbell between 1715 and 1725. Reissued with further volumes using this title were congregated by Woolfe and Gandon, and published between 1767 and 1771.
=500  \\$aSupplies ground plan of Marlborough House. Top right corner: p.39.
=500  \\$aMarlborough House was built to design of the architect Christopher Wren in 1711.
=510  4\$aCrace, John Gregory, A catalogue of maps, plans and views of London, Westminster and Southwark collected and arranged by Frederick Crace (1878),$cno. 21, p. 85
=510  4\$aAdams, Bernard, London illustrated (1983),$b1604-1851,$cno. 24 (15), p. 49 ; no. 45, pp. 113-114
=650  \0$aReal property$zEngland$zLondon$vMaps$vEarly works to 1800.
=651  \0$aWestminster (London, England)$vMaps$vEarly works to 1800.
=651  \0$aLondon (England)$vMaps$vEarly works to 1800.
=655  \7$aEarly maps.$2fast$0(OCoLC)fst01752681
=700  1\$aCrace, Frederick,$d1779-1859,$eformer owner.
=700  1\$aCrace, John Gregory,$d1809-1889,$edonor.
=700  1\$aGandon, James,$d1742-1823,$epublisher.
=700  1\$aWoolfe, John,$d-1793,$epublisher.
=852  41$aBritish Library$bMAPS$jMaps Crace Port. 12.21
=856  41$3Copy at Maps Crace Port. 12.21$uhttp://www.bl.uk/onlinegallery/onlineex/crace/t/007000000000012u00021000.html$yDigitised map
=985  \\$aRecord amended for WR# 13/070
=985  \\$aRecord amended for WR1606-1727
=985  \\$aUpdated by MS generated file for WR2302-017
=CAT  \\$a12842$b40$c20130124$lBLL01$h1720
=CAT  \\$a12842$b40$c20130125$lBLL01$h1017
=CAT  \\$aWR13_070$b00$c20130504$lBLL01$h0341
=CAT  \\$aWR13.117$c20130718$lBLL01$h1854
=CAT  \\$a12842$b40$c20131009$lBLL01$h1202
=CAT  \\$aW1606-1727$c20160825$lBLL01$h1742
=CAT  \\$aBATCH-UPD$b00$c20160825$lBLL01$h1744
=CAT  \\$aW2302-0174$c20230223$lBLL01$h1959
=FIN  \\$aY$d20130124
=FMT  \\$a  MP
=LAS  \\$aW2302-0174$b00$c20230223$lBLL01$h1959

