=LDR  03343cem a2200673 a 4500
=001  016259174
=003  Uk
=005  20230223161707.0
=007  aj\aanzn
=008  130124q1767\\\\enk||||||\a\\\\\0\\\eng|\
=034  0\$aa
=040  \\$aUk$beng$cUk$dUk
=042  \\$aukblsr
=082  04$a912.42132$223
=100  1\$aDarly, Matthias,$dapproximately 1720-approximately 1778,$eengraver.
=245  10$aPlan of the ground floor of His Royal Highness the Duke of Yorks Palace in Pall Mall. :$bThe principal floor.
=246  11$aPlan du rez de chaussee de l'Hotel de son atlesse Royale Monseigneur le Duc de York dans Pall Mall. Le principal etage
=255  \\$aScale not given.
=260  \\$a[London,$c1767]
=300  \\$a1 plan ;$c38 x 25 cm
=336  \\$acartographic image$2rdacontent
=337  \\$aunmediated$2rdamedia
=338  \\$avolume$2rdacarrier
=500  \\$aFrom vol. 4 of Vitruvius Britannicus, or the British Architect, published by James Gandon and John Woolfe between 1767 and 1771.
=500  \\$aDate in imprint taken from London illustrated, B. Adams.
=500  \\$aTop margin: v. 4, 6.
=500  \\$aMS pencil annotation: Now the Ordinance Office 1849.
=500  \\$aYork House was built in the 1760s to the design of the architect Mathew Brettingham and remodelled in 1780 by Robert Adam. York House was demolished between 1908 and 1912.
=510  4\$aCrace, John Gregory, A catalogue of maps, plans and views of London, Westminster and Southwark collected and arranged by Frederick Crace (1878),$cno. 22, p. 85
=510  4\$aAdams, Bernard, London illustrated (1983),$b1604-1851,$cno. 45 (2), p. 113
=510  4\$aWorms, Laurence, Baynton-Williams, Ashley. British map engravers: a dictionary of engravers, lithographers and their principal employers,$bto 1850,$cp. 182
=650  \0$aPublic buildings$zEngland$zLondon$vMaps$vEarly works to 1800.
=651  \0$aWestminster (London, England)$vMaps$vEarly works to 1800.
=651  \0$aLondon (England)$vMaps$vEarly works to 1800.
=655  \7$aEarly maps.$2fast$0(OCoLC)fst01752681
=700  1\$aBrettingham, Matthew,$d1699-1769,$earchitect.
=700  1\$aCrace, Frederick,$d1779-1859,$eformer owner.
=700  1\$aCrace, John Gregory,$d1809-1889,$edonor.
=700  1\$aGandon, James,$d1742-1823,$epublisher.
=700  1\$aWoolfe, John,$d-1793,$epublisher.
=852  41$aBritish Library$bMAPS$jMaps Crace Port. 12.22
=856  41$3Copy at Maps Crace Port. 12.22$uhttp://www.bl.uk/onlinegallery/onlineex/crace/p/007000000000012u00022000.html$yDigitised map
=985  \\$aRecord amended for WR# 13/070
=985  \\$aRecord amended for WR1606-1727
=985  \\$aUpdated by MS generated file for WR2302-017
=CAT  \\$a12842$b40$c20130125$lBLL01$h1052
=CAT  \\$a12842$b40$c20130125$lBLL01$h1058
=CAT  \\$a12842$b40$c20130125$lBLL01$h1540
=CAT  \\$aWR13_070$b00$c20130504$lBLL01$h0341
=CAT  \\$a12842$b40$c20130703$lBLL01$h1403
=CAT  \\$aWR13.117$c20130718$lBLL01$h1854
=CAT  \\$a5100$b40$c20130926$lBLL01$h0851
=CAT  \\$a12842$b40$c20131009$lBLL01$h1204
=CAT  \\$aW1606-1727$c20160825$lBLL01$h1742
=CAT  \\$aBATCH-UPD$b00$c20170513$lBLL01$h1745
=CAT  \\$aW2302-0174$c20230223$lBLL01$h1959
=FIN  \\$aY$d20130124
=FMT  \\$a  MP
=LAS  \\$aW2302-0174$b00$c20230223$lBLL01$h1959

