=LDR  02505cfm a2200541 a 4500
=001  016259194
=003  Uk
=005  20230223161707.0
=007  aj\aanzn
=008  130125q1795\\\\xx\||||||\a\\\\\0\\\eng|\
=034  0\$aa
=040  \\$aUk$beng$cUk$dUk
=042  \\$aukblsr
=082  04$a912.42132$223
=100  1\$aChawner, Thomas,$d1774-1851.
=245  10$a[Plan of Lord Buckingham house from Mr. Soane's].
=255  \\$aScale not given.
=260  \\$c1795.
=300  \\$a1 plan ;$c44 x 28 cm
=336  \\$acartographic image$2rdacontent
=337  \\$aunmediated$2rdamedia
=338  \\$avolume$2rdacarrier
=500  \\$aPen and ink with wash on paper.
=500  \\$aTitle taken from MS annotation on verso. Surveyor's name taken from A catalogue of maps, plans and views of London, Westminster and Southwark collected and arranged by Frederick Crace, 1878.
=500  \\$aSupplies ground plan of Lord Buckingham's house with alterations made by the architect John Soane in the 1790s. Rooms labelled for reference with some dimensions given.
=500  \\$aBelow plan: Lincolns Inn Fields, May 1st 1795.
=510  4\$aCrace, John Gregory, A catalogue of maps, plans and views of London, Westminster and Southwark collected and arranged by Frederick Crace (1878),$cno. 23, p. 85
=510  4\$aFrench, Josephine. Tooley's dictionary of mapmakers A-D (1999),$cp. 260
=600  10$aSoane, John,$d1753-1837,$earchitect.
=650  \0$aReal property$zEngland$zLondon$vMaps$vEarly works to 1800.
=651  \0$aWestminster (London, England)$vMaps$vEarly works to 1800.
=651  \0$aLondon (England)$vMaps$vEarly works to 1800.
=655  \7$aEarly maps.$2fast$0(OCoLC)fst01752681
=700  1\$aCrace, Frederick,$d1779-1859,$eformer owner.
=700  1\$aCrace, John Gregory,$d1809-1889,$edonor.
=852  41$aBritish Library$bMAPS$jMaps Crace Port. 12.23
=856  41$3Copy at Maps Crace Port. 12.23$uhttp://www.bl.uk/onlinegallery/onlineex/crace/other/007000000000012u00023000.html$yDigitised map
=985  \\$aRecord amended for WR1606-1727
=985  \\$aUpdated by MS generated file for WR2302-017
=CAT  \\$a12842$b40$c20130125$lBLL01$h1124
=CAT  \\$a12842$b40$c20130131$lBLL01$h1223
=CAT  \\$aWR13.117$c20130718$lBLL01$h1854
=CAT  \\$a12842$b40$c20131009$lBLL01$h1205
=CAT  \\$aW1606-1727$c20160825$lBLL01$h1742
=CAT  \\$aW2302-0174$c20230223$lBLL01$h1959
=FIN  \\$aY$d20130125
=FMT  \\$a  MP
=LAS  \\$aW2302-0174$b00$c20230223$lBLL01$h1959

