=LDR  02637cfm a2200529 a 4500
=001  016259210
=003  Uk
=005  20230223161707.0
=007  aj\canzn
=008  130125q1813\\\\enk||||||\a\\\\\0\\\eng|\
=034  1\$aa$b3600$dW0015018$eW0015232$fN0513045$gN0512957$2bound
=040  \\$aUk$beng$cUk$dUk
=042  \\$aukblsr
=082  04$a912.42132$223
=245  02$aA survey of the conduits &ct. to Whitehall, St James's &ct. 1718.
=255  \\$aScale approximately 1:3,600$c(W 1°50'18"--W 1°52'32"/N 51°30'45"--N 51°29'57").
=260  \\$c[ca. 1813]
=300  \\$a1 map :$bhand col. ;$c47 x 74 cm
=336  \\$acartographic image$2rdacontent
=337  \\$aunmediated$2rdamedia
=338  \\$asheet$2rdacarrier
=500  \\$aPen and ink with wash on paper.
=500  \\$aNote: 'Copied by Long from the original survey at the Society of Antiquaries made in 1718' in A catalogue of maps, plans and views of London, Westminster and Southwark collected and arranged by Frederick Crace, 1878.
=500  \\$aShows a conduit supplying water from Hyde Park to the St James' canal and Whitehall. Numbered for reference with a key at lower left and right.
=510  4\$aCrace, John Gregory, A catalogue of maps, plans and views of London, Westminster and Southwark collected and arranged by Frederick Crace (1878),$cno. 24, p. 85
=520  \\$aThis is a 19th century copy of an original 1718 plan held by the Society of Antiquaries. t details the conduits supplying water to St. James's and Whitehall from Hyde Park.
=650  \0$aWater-supply$zEngland$zLondon$vMaps.
=651  \0$aWestminster (London, England)$vMaps.
=651  \0$aLondon (England)$vMaps.
=655  \7$aMaps.$2fast$0(OCoLC)fst01423704
=700  1\$aCrace, Frederick,$d1779-1859,$eformer owner.
=700  1\$aCrace, John Gregory,$d1809-1889,$edonor.
=852  41$aBritish Library$bMAPS$jMaps Crace Port. 12.24
=856  41$3Copy at Maps Crace Port. 12.24$uhttp://www.bl.uk/onlinegallery/onlineex/crace/a/007000000000012u00024000.html$yDigitised map
=985  \\$aUpgraded from BL georeferencer data 2022-11-17.
=985  \\$aRecord amended for WR1606-1727
=985  \\$aUpdated by MS generated file for WR2302-017
=CAT  \\$a12842$b40$c20130125$lBLL01$h1143
=CAT  \\$aWR13.117$c20130718$lBLL01$h1854
=CAT  \\$a12842$b40$c20131009$lBLL01$h1208
=CAT  \\$aW1606-1727$c20160825$lBLL01$h1742
=CAT  \\$a14185$b40$c20221201$lBLL01$h1804
=CAT  \\$a14185$b40$c20221204$lBLL01$h1941
=CAT  \\$aW2302-0174$c20230223$lBLL01$h1959
=FIN  \\$aY$d20130125
=FMT  \\$a  MP
=LAS  \\$aW2302-0174$b00$c20230223$lBLL01$h1959

