=LDR  03307cfm a2200613 a 4500
=001  016259294
=003  Uk
=005  20230223161707.0
=007  aj\aanzn
=008  130125q1705\\\\xx\||||||\a\\\\\0\\\eng|\
=034  1\$aa$dW0015138$eW0015143$fN0513018$gN0513016$2bound
=040  \\$aUk$beng$cUk$dUk
=042  \\$aukblsr
=082  04$a912.42132$223
=100  1\$aRobinson, William,$dactive 1748-1767.
=245  10$a[Drawn plan of Thatched House Tavern in St James's Street and adjoining property towards Barkshire House] /$cW. R.
=255  \\$aScale not given$c(W 1°51'38"--W 1°51'43"/N 51°30'18"--N 51°30'16").
=260  \\$c[1705]
=300  \\$a1 plan ;$c39 x 25 cm
=336  \\$acartographic image$2rdacontent
=337  \\$aunmediated$2rdamedia
=338  \\$avolume$2rdacarrier
=500  \\$aPen and ink with wash on paper.
=500  \\$aTitle taken from A catalogue of maps, plans and views of London, Westminster and Southwark collected and arranged by Frederick Crace, 1878.
=500  \\$aSupplies detailed plan of properties on St James' Street with dimensions reported. On verso note on a 60 years lease granted to Mr. Goff by William Pultney.
=500  \\$aProbably produced by William Robinson who worked as urban estate surveyor.
=510  4\$aCrace, John Gregory, A catalogue of maps, plans and views of London, Westminster and Southwark collected and arranged by Frederick Crace (1878),$cno. 25, p. 85
=510  4\$aBendall, Sarah. Dictionary of land surveyors and local map-makers of Great Britain and Ireland (1997),$b1530-1850,$cno. R217, p. 439
=520  \\$aPlan of the ground floor of Thatched House Tavern and adjacent properties towards Barkshire House in St James's, London, with inset plan of the first floor of the tavern at top right. Note down the left side of the sheet states that a lease of 60 years on the property was granted to Mr. Goff by William Pultney in 1705.
=650  \0$aReal property$zEngland$zLondon$vMaps$vEarly works to 1800.
=651  \0$aWestminster (London, England)$vMaps$vEarly works to 1800.
=651  \0$aLondon (England)$vMaps$vEarly works to 1800.
=655  \7$aEarly maps.$2fast$0(OCoLC)fst01752681
=700  1\$aCrace, Frederick,$d1779-1859,$eformer owner.
=700  1\$aCrace, John Gregory,$d1809-1889,$edonor.
=852  41$aBritish Library$bMAPS$jMaps Crace Port. 12.25.(1.)
=856  41$3Copy at Maps Crace Port. 12.25.(1.)$uhttp://www.bl.uk/onlinegallery/onlineex/crace/p/007000000000012u000250a0.html$yDigitised map
=985  \\$aUpgraded from BL georeferencer data 2022-11-17.
=985  \\$aRecord amended for WR# 13/070
=985  \\$aRecord amended for WR1606-1727
=985  \\$aUpdated by MS generated file for WR2302-017
=CAT  \\$a12842$b40$c20130125$lBLL01$h1318
=CAT  \\$a12842$b40$c20130125$lBLL01$h1320
=CAT  \\$aWR13_070$b00$c20130504$lBLL01$h0341
=CAT  \\$a12842$b40$c20130703$lBLL01$h1512
=CAT  \\$aWR13.117$c20130718$lBLL01$h1854
=CAT  \\$a12842$b40$c20131009$lBLL01$h1210
=CAT  \\$aW1606-1727$c20160825$lBLL01$h1743
=CAT  \\$a14185$b40$c20221201$lBLL01$h1805
=CAT  \\$a14185$b40$c20221204$lBLL01$h1942
=CAT  \\$aW2302-0174$c20230223$lBLL01$h1959
=FIN  \\$aY$d20130125
=FMT  \\$a  MP
=LAS  \\$aW2302-0174$b00$c20230223$lBLL01$h1959

