=LDR  02331 fm a2200493 a 4500
=001  016259436
=003  Uk
=005  20131009121232.0
=007  aj\aanzn
=008  130125q1800\\\\xx\||||||\a\\\\\0\\\eng|\
=034  0\$aa
=040  \\$aUk$beng$cUk$dUk
=042  \\$aukblsr
=082  04$a912.42132$223
=245  03$a[A copy of drawn plan of Thatched House Tavern in St James's Street and adjoining property towards Barkshire House].
=255  \\$aScale not given.
=260  \\$c[ca. 1800]
=300  \\$a1 plan ;$c39 x 25 cm
=336  \\$acartographic image$2rdacontent
=337  \\$aunmediated$2rdamedia
=338  \\$avolume$2rdacarrier
=500  \\$aPen and ink with wash on paper.
=500  \\$aA 19th century copy of a plan dated 1705, probably produced by William Robinson who worked as urban estate surveyor. Original plan at Maps Crace Port. 12.25.(1.).
=500  \\$aIncluded in the Crace Collection but not listed in Catalogue of maps, plans and views of London, Westminster and Southwark collected and arranged by Frederick Crace, published in 1878.
=500  \\$aSupplies plan of properties on St James' Street. On verso of the original plan note on a 60 years lease granted to Mr. Goff by William Pultney.
=510  4\$aBendall, Sarah. Dictionary of land surveyors and local map-makers of Great Britain and Ireland (1997),$b1530-1850,$cno. R217, p. 439
=650  \0$aReal property$zEngland$zLondon$vMaps.
=651  \0$aWestminster (London, England)$vMaps.
=651  \0$aLondon (England)$vMaps.
=700  1\$aCrace, Frederick,$d1779-1859,$eformer owner.
=700  1\$aCrace, John Gregory,$d1809-1889,$edonor.
=700  1\$aRobinson, William,$dactive 1748-1767.
=852  41$aBritish Library$bMAPS$jMaps Crace Port. 12.25.(2.)
=856  41$3Copy at Maps Crace Port. 12.25.(2.)$uhttp://www.bl.uk/onlinegallery/onlineex/crace/p/007000000000012u000250b0.html$yDigitised map
=985  \\$aRecord amended for WR# 13/070
=985  \\$aRecord amended for WR1606-1727
=CAT  \\$a12842$b40$c20130125$lBLL01$h1336
=CAT  \\$aWR13_070$b00$c20130504$lBLL01$h0341
=CAT  \\$aWR13.117$c20130718$lBLL01$h1854
=CAT  \\$a12842$b40$c20131009$lBLL01$h1212
=CAT  \\$aW1606-1727$c20160825$lBLL01$h1742
=FIN  \\$aY$d20130125
=FMT  \\$a  MP
=LAS  \\$aW1606-1727$b00$c20160825$lBLL01$h1742

