=LDR  02281cem a2200517 a 4500
=001  016259486
=003  Uk
=005  20230223161707.0
=007  aj\aanzn
=008  130125s1777\\\\enk||||||\a\\\\\0\\\eng|\
=034  0\$aa
=040  \\$aUk$beng$cUk$dUk
=041  0\$aeng$afre
=042  \\$aukblsr
=082  04$a912.42132$223
=245  00$aPlan of the parlor story of Sir Watkin Williams Wynn's house in St James's Square /$cRt. Adam architect 1772 ; Norval incidit.
=246  11$aPlan du rez de chaussée de la Maison du Monrle. [sic] Chavelier Watkin Williams Wynn dans la Place de St. Jacques
=255  \\$aScale not given.
=260  \\$c1777.
=300  \\$a1 plan ;$c61 x 44 cm
=336  \\$acartographic image$2rdacontent
=337  \\$aunmediated$2rdamedia
=338  \\$avolume$2rdacarrier
=500  \\$aSupplies two plans of ground and office floors with dimensions reported.
=500  \\$aAt top margin: vol. II, no. II, plate I.
=510  4\$aCrace, John Gregory, A catalogue of maps, plans and views of London, Westminster and Southwark collected and arranged by Frederick Crace (1878),$cno. 26, p. 85
=546  \\$aTitle and premises' labels given in English and French.
=600  10$aAdam, Robert,$d1728-1792,$earchitect.
=650  \0$aArchitecture$zEngland$zLondon$vDesigns and plans$vEarly works to 1800.
=651  \0$aWestminster (London, England)$vMaps$vEarly works to 1800.
=651  \0$aLondon (England)$vMaps$vEarly works to 1800.
=655  \7$aEarly maps.$2fast$0(OCoLC)fst01752681
=700  1\$aCrace, Frederick,$d1779-1859,$eformer owner.
=700  1\$aCrace, John Gregory,$d1809-1889,$edonor.
=852  41$aBritish Library$bMAPS$jMaps Crace Port. 12.26
=856  41$3Copy at Maps Crace Port. 12.26$uhttp://www.bl.uk/onlinegallery/onlineex/crace/p/007000000000012u00026000.html$yDigitised map
=985  \\$aRecord amended for WR1606-1727
=985  \\$aUpdated by MS generated file for WR2302-017
=CAT  \\$a12842$b40$c20130125$lBLL01$h1407
=CAT  \\$aWR13.117$c20130718$lBLL01$h1854
=CAT  \\$a12842$b40$c20131009$lBLL01$h1225
=CAT  \\$aW1606-1727$c20160825$lBLL01$h1742
=CAT  \\$aW2302-0174$c20230223$lBLL01$h1959
=FIN  \\$aY$d20130125
=FMT  \\$a  MP
=LAS  \\$aW2302-0174$b00$c20230223$lBLL01$h1959

