=LDR  02222cfm a2200517 a 4500
=001  016259525
=003  Uk
=005  20230223161707.0
=007  aj\canzn
=008  130125s1809\\\\enk||||||\a\\\\\0\\\eng|\
=034  0\$aa
=040  \\$aUk$beng$cUk$dUk
=042  \\$aukblsr
=082  04$a912.42132$223
=100  1\$aBaker, J.
=245  10$a[Drawn plan of two houses east side of St James' Square, with estimated value] /$cJ. Baker.
=255  \\$aScale not given.
=260  \\$cMay 20th 1809.
=300  \\$a1 plan :$bhand col. ;$c23 x 18 cm
=336  \\$acartographic image$2rdacontent
=337  \\$aunmediated$2rdamedia
=338  \\$avolume$2rdacarrier
=500  \\$aPen and ink with wash on paper.
=500  \\$aTitle taken from A catalogue of maps, plans and views of London, Westminster and Southwark collected and arranged by Frederick Crace, 1878.
=500  \\$aPremises lettered for reference with dimensions and estimated value reported.
=510  4\$aCrace, John Gregory, A catalogue of maps, plans and views of London, Westminster and Southwark collected and arranged by Frederick Crace (1878),$cno. 27, p. 86
=510  4\$aFrench, Josephine. Tooley's dictionary of mapmakers A-D (1999),$cp. 73
=650  \0$aReal property$zEngland$zLondon$vMaps.
=651  \0$aWestminster (London, England)$vMaps.
=651  \0$aLondon (England)$vMaps.
=655  \7$aMaps.$2fast$0(OCoLC)fst01423704
=700  1\$aCrace, Frederick,$d1779-1859,$eformer owner.
=700  1\$aCrace, John Gregory,$d1809-1889,$edonor.
=852  41$aBritish Library$bMAPS$jMaps Crace Port. 12.27
=856  41$3Copy at Maps Crace Port. 12.27$uhttp://www.bl.uk/onlinegallery/onlineex/crace/other/007000000000012u00027000.html$yDigitised map
=985  \\$aRecord amended for WR1606-1727
=985  \\$aUpdated by MS generated file for WR2302-017
=CAT  \\$a12842$b40$c20130125$lBLL01$h1443
=CAT  \\$a12842$b40$c20130126$lBLL01$h1322
=CAT  \\$aWR13.117$c20130718$lBLL01$h1854
=CAT  \\$a12842$b40$c20131009$lBLL01$h1227
=CAT  \\$aW1606-1727$c20160825$lBLL01$h1742
=CAT  \\$aW2302-0174$c20230223$lBLL01$h1959
=FIN  \\$aY$d20130125
=FMT  \\$a  MP
=LAS  \\$aW2302-0174$b00$c20230223$lBLL01$h1959

