=LDR  02400cfm a2200541 a 4500
=001  016259597
=003  Uk
=005  20230223161707.0
=007  aj\canzn
=008  130125q1812\\\\xx\||||||\a\\\\\0\\\eng|\
=034  0\$aa
=040  \\$aUk$beng$cUk$dUk
=042  \\$aukblsr
=082  04$a912.42132$223
=245  00$aGeneral plan of the Burlington House, offices and garden.
=255  \\$aScale not given.
=260  \\$c[After 1812]
=300  \\$a1 plan :$bhand col. ;$c65 x 43 cm
=336  \\$acartographic image$2rdacontent
=337  \\$aunmediated$2rdamedia
=338  \\$avolume$2rdacarrier
=500  \\$aPen and ink with wash on paper.
=500  \\$aLower left: Copied from a plan furnished by Mr. Ware. Aug. 1812.
=500  \\$aPremises labelled and coloured for reference with dimensions given.
=500  \\$aBurlington House was expanded in the mid 19th century and now houses the Royal Academy, Geological Society of London, Linnean Society of London, Royal Astronomical Society, Society of Antiquaries of London and Royal Society of Chemistry.
=510  4\$aCrace, John Gregory, A catalogue of maps, plans and views of London, Westminster and Southwark collected and arranged by Frederick Crace (1878),$cno. 30, p. 86
=610  20$aBurlington House (London, England)$vDesigns and plans.
=650  \0$aReal property$zEngland$zLondon$vMaps.
=651  \0$aWestminster (London, England)$vMaps.
=651  \0$aLondon (England)$vMaps.
=655  \7$aMaps.$2fast$0(OCoLC)fst01423704
=700  1\$aWare, Samuel,$earchitect.
=700  1\$aCrace, Frederick,$d1779-1859,$eformer owner.
=700  1\$aCrace, John Gregory,$d1809-1889,$edonor.
=852  41$aBritish Library$bMAPS$jMaps Crace Port. 12.30
=856  41$3Copy at Maps Crace Port. 12.30$uhttp://www.bl.uk/onlinegallery/onlineex/crace/g/007000000000012u00030000.html$yDigitised map
=985  \\$aRecord amended for WR1606-1727
=985  \\$aUpdated by MS generated file for WR2302-017
=CAT  \\$a12842$b40$c20130125$lBLL01$h1617
=CAT  \\$a12842$b40$c20130125$lBLL01$h1618
=CAT  \\$aWR13.117$c20130718$lBLL01$h1854
=CAT  \\$a12842$b40$c20131009$lBLL01$h1235
=CAT  \\$a12842$b40$c20131009$lBLL01$h1239
=CAT  \\$aW1606-1727$c20160825$lBLL01$h1742
=CAT  \\$aW2302-0174$c20230223$lBLL01$h1959
=FIN  \\$aY$d20130125
=FMT  \\$a  MP
=LAS  \\$aW2302-0174$b00$c20230223$lBLL01$h1959

