=LDR  02627cfm a2200553 a 4500
=001  016259607
=003  Uk
=005  20230223161707.0
=007  aj\canzn
=008  130125q1804\\\\xx\||||||\a\\\\\0\\\eng|\
=034  0\$aa
=040  \\$aUk$beng$cUk$dUk
=042  \\$aukblsr
=082  04$a912.42132$223
=245  00$aDesign for dividing & disposing of the mansion house & premises lately occupied by His Royal Highness the Duke of York in Piccadilly. :$bBasement story.
=255  \\$aScale not given.
=260  \\$c[1804]
=300  \\$a1 plan :$bhand col. ;$c84 x 22 cm
=336  \\$acartographic image$2rdacontent
=337  \\$aunmediated$2rdamedia
=338  \\$avolume$2rdacarrier
=500  \\$aPen and ink with wash on paper with additions in pencil.
=500  \\$aTitled "Drawn Plan of York House, Piccadilly, showing the alteration to form the Albany. By Messrs. Copland and H. Rowles, 1804" in the Catalogue of maps, plans and views of London, Westminster and Southwark collected and arranged by Frederick Crace, 1878.
=500  \\$aSupplies plan of the basement story of the York House with the proposed alterations to the building. Premises labelled, numbered and coloured for reference.
=510  4\$aCrace, John Gregory, A catalogue of maps, plans and views of London, Westminster and Southwark collected and arranged by Frederick Crace (1878),$cno. 32, p. 86
=650  \0$aReal property$zEngland$zLondon$vMaps.
=651  \0$aWestminster (London, England)$vMaps.
=651  \0$aLondon (England)$vMaps.
=655  \7$aMaps.$2fast$0(OCoLC)fst01423704
=700  1\$aCopland, Alexander,$d1774-1834.
=700  1\$aCrace, Frederick,$d1779-1859,$eformer owner.
=700  1\$aCrace, John Gregory,$d1809-1889,$edonor.
=700  1\$aRowles, Henry,$d-1840.
=852  41$aBritish Library$bMAPS$jMaps Crace Port. 12.32.(1.)
=856  41$3Copy at Maps Crace Port. 12.32.(1.)$uhttp://www.bl.uk/onlinegallery/onlineex/crace/d/007000000000012u000320a0.html$yDigitised map
=985  \\$aRecord amended for WR# 13/070
=985  \\$aRecord amended for WR1606-1727
=985  \\$aUpdated by MS generated file for WR2302-017
=CAT  \\$a12842$b40$c20130125$lBLL01$h1644
=CAT  \\$a12842$b40$c20130125$lBLL01$h1650
=CAT  \\$aWR13_070$b00$c20130504$lBLL01$h0341
=CAT  \\$aWR13.117$c20130718$lBLL01$h1854
=CAT  \\$a12842$b40$c20131009$lBLL01$h1242
=CAT  \\$aW1606-1727$c20160825$lBLL01$h1742
=CAT  \\$a12842$b40$c20170309$lBLL01$h1246
=CAT  \\$aW2302-0174$c20230223$lBLL01$h1959
=FIN  \\$aY$d20130125
=FMT  \\$a  MP
=LAS  \\$aW2302-0174$b00$c20230223$lBLL01$h1959

