=LDR  02024cfm a2200481 a 4500
=001  016259678
=003  Uk
=005  20230223161707.0
=007  aj\canzn
=008  130126q1827\\\\xx\||||||\a\\\\\0\\\eng|\
=034  0\$aa
=040  \\$aUk$beng$cUk$dUk
=042  \\$aukblsr
=082  04$a912.42132$223
=245  00$aPlan of houses on Piccadilly and Duke Street /$cby Butler.
=255  \\$aScale not given.
=260  \\$c[After June 1827]
=300  \\$a1 plan :$bhand col. ;$c41 x 48 cm
=336  \\$acartographic image$2rdacontent
=337  \\$aunmediated$2rdamedia
=338  \\$avolume$2rdacarrier
=500  \\$aPen and ink with wash on paper.
=500  \\$aPremises numbered and coloured for reference; names of tenents and dimensions reported. Prick marks suggest copying.
=500  \\$aNote at bottom margin in a later hand: Charles John Lawson Esq. (Copy). Taken June 1827 by Butler.
=510  4\$aCrace, John Gregory, A catalogue of maps, plans and views of London, Westminster and Southwark collected and arranged by Frederick Crace (1878),$cno. 33, p. 86
=650  \0$aReal property$zEngland$zLondon$vMaps.
=651  \0$aWestminster (London, England)$vMaps.
=651  \0$aLondon (England)$vMaps.
=655  \7$aMaps.$2fast$0(OCoLC)fst01423704
=700  1\$aCrace, Frederick,$d1779-1859,$eformer owner.
=700  1\$aCrace, John Gregory,$d1809-1889,$edonor.
=852  41$aBritish Library$bMAPS$jMaps Crace Port. 12.33
=856  41$3Copy at Maps Crace Port. 12.33$uhttp://www.bl.uk/onlinegallery/onlineex/crace/p/007000000000012u00033000.html$yDigitised map
=985  \\$aRecord amended for WR1606-1727
=985  \\$aUpdated by MS generated file for WR2302-017
=CAT  \\$a12842$b40$c20130126$lBLL01$h1323
=CAT  \\$aWR13.117$c20130718$lBLL01$h1854
=CAT  \\$a12842$b40$c20131009$lBLL01$h1301
=CAT  \\$aW1606-1727$c20160825$lBLL01$h1742
=CAT  \\$aW2302-0174$c20230223$lBLL01$h1959
=FIN  \\$aY$d20130125
=FMT  \\$a  MP
=LAS  \\$aW2302-0174$b00$c20230223$lBLL01$h1959

