=LDR  02539cfm a2200529 a 4500
=001  016259682
=003  Uk
=005  20230223161707.0
=007  aj\canzn
=008  130126q1813\\\\xx\||||||\a\\\\\0\\\eng|\
=034  1\$aa$dW0015156$eW0015201$fN0513037$gN0513033$2bound
=040  \\$aUk$beng$cUk$dUk
=042  \\$aukblsr
=082  04$a912.42132$223
=245  00$aPlan for a new outlay of the Lemon Tree public house and Stable Yard, at the north west corner of the Haymarket.
=255  \\$aScale not given$c(W 1°51'56"--W 1°52'01"/N 51°30'37"--N 51°30'33").
=260  \\$c[ca. 1813]
=300  \\$a1 plan :$bhand col. ;$c33 x 21 cm
=336  \\$acartographic image$2rdacontent
=337  \\$aunmediated$2rdamedia
=338  \\$avolume$2rdacarrier
=500  \\$aPen and ink with wash on paper with additions in pencil.
=500  \\$aPremises labelled and coloured for reference with explanatory note at bottom left. Pencil sketch with measurements showing sewer, added below plan.
=500  \\$aPlan oriented with west at the top.
=510  4\$aCrace, John Gregory, A catalogue of maps, plans and views of London, Westminster and Southwark collected and arranged by Frederick Crace (1878),$cno. 34, p. 86
=520  \\$aThis drawn plan of the public house shows the stables, coaching houses and hay and straw storage rooms at the back. The proposed alterations are indicated by the letter 'A' near the stable yard.
=650  \0$aReal property$zEngland$zLondon$vMaps.
=651  \0$aWestminster (London, England)$vMaps.
=651  \0$aLondon (England)$vMaps.
=655  \7$aMaps.$2fast$0(OCoLC)fst01423704
=700  1\$aCrace, Frederick,$d1779-1859,$eformer owner.
=700  1\$aCrace, John Gregory,$d1809-1889,$edonor.
=852  41$aBritish Library$bMAPS$jMaps Crace Port. 12.34
=856  41$3Copy at Maps Crace Port. 12.34$uhttp://www.bl.uk/onlinegallery/onlineex/crace/p/007000000000012u00034000.html$yDigitised map
=985  \\$aUpgraded from BL georeferencer data 2022-11-17.
=985  \\$aRecord amended for WR1606-1727
=985  \\$aUpdated by MS generated file for WR2302-017
=CAT  \\$a12842$b40$c20130126$lBLL01$h1433
=CAT  \\$aWR13.117$c20130718$lBLL01$h1854
=CAT  \\$a12842$b40$c20131009$lBLL01$h1303
=CAT  \\$aW1606-1727$c20160825$lBLL01$h1742
=CAT  \\$a14185$b40$c20221201$lBLL01$h1805
=CAT  \\$a14185$b40$c20221204$lBLL01$h1943
=CAT  \\$aW2302-0174$c20230223$lBLL01$h1959
=FIN  \\$aY$d20130125
=FMT  \\$a  MP
=LAS  \\$aW2302-0174$b00$c20230223$lBLL01$h1959

