=LDR  02196cfm a2200505 a 4500
=001  016259686
=003  Uk
=005  20230516151413.0
=007  aj\canzn
=008  130126q1800\\\\xx\||||||\a\\\\\0\\\eng|\
=034  0\$aa
=040  \\$aUk$beng$cUk$dUk
=042  \\$aukblsr
=082  04$a912.42132$223
=245  00$a[Drawn plan of property of Mr. West in Rupert Street, Princess Street, &c.].
=255  \\$aScale not given.
=260  \\$c[ca. 1800]
=300  \\$a1 plan :$bhand col. ;$c35 x 43 cm
=336  \\$acartographic image$2rdacontent
=337  \\$aunmediated$2rdamedia
=338  \\$avolume$2rdacarrier
=500  \\$aPen and ink with wash on paper with additions in pencil.
=500  \\$aUnsigned and undated. Title taken from A catalogue of maps, plans and views of London, Westminster and Southwark collected and arranged by Frederick Crace, 1878.
=500  \\$aThis is a later copy of a plan held at Maps Crace Port. 12.35.(1.).
=500  \\$aProperties labelled and numbered for reference.
=510  4\$aCrace, John Gregory, A catalogue of maps, plans and views of London, Westminster and Southwark collected and arranged by Frederick Crace (1878),$cno. 35, p. 86
=650  \0$aReal property$zEngland$zLondon$vMaps.
=651  \0$aWestminster (London, England)$vMaps.
=651  \0$aLondon (England)$vMaps.
=655  \7$aMaps.$2fast$0(OCoLC)fst01423704
=700  1\$aCrace, Frederick,$d1779-1859,$eformer owner.
=700  1\$aCrace, John Gregory,$d1809-1889,$edonor.
=852  41$aBritish Library$bMAPS$jMaps Crace Port. 12.35.(2.)
=856  41$3Copy at Maps Crace Port. 12.35.(2.)$uhttp://www.bl.uk/onlinegallery/onlineex/crace/other/007000000000012u000350a0.html$yDigitised map
=985  \\$aRecord amended for WR1606-1727
=985  \\$aUpdated by MS generated file for WR2302-017
=CAT  \\$a12842$b40$c20130126$lBLL01$h1511
=CAT  \\$aWR13.117$c20130718$lBLL01$h1854
=CAT  \\$a12842$b40$c20131009$lBLL01$h1309
=CAT  \\$aW1606-1727$c20160825$lBLL01$h1742
=CAT  \\$aW2302-0174$c20230223$lBLL01$h1959
=CAT  \\$a12842$b40$c20230516$lBLL01$h1514
=FIN  \\$aY$d20130122
=FMT  \\$a  MP
=LAS  \\$a12842$b40$c20230516$lBLL01$h1514

