=LDR  02885cem a2200553 a 4500
=001  016259696
=003  Uk
=005  20230223161708.0
=007  aj\canzn
=008  130126q1799\\\\xx\||||||\a\\\\\0\\\eng|\
=034  1\$aa$dW0015144$eW0015214$fN0513059$gN0513042$2bound
=040  \\$aUk$beng$cUk$dUk
=042  \\$aukblsr
=082  04$a912.42132$223
=245  00$aPlan of the late Duke of Portland's Estate in the neighbourhood of Soho Square.
=255  \\$aScale not given$c(W 1°51'44"--W 1°52'14"/N 51°30'59"--N 51°30'42").
=260  \\$c[1799?]
=300  \\$a1 plan :$bhand col. ;$c60 x 53 cm
=336  \\$acartographic image$2rdacontent
=337  \\$aunmediated$2rdamedia
=338  \\$avolume$2rdacarrier
=500  \\$aDate and surveyor's name taken from A catalogue of maps, plans and views of London, Westminster and Southwark collected and arranged by Frederick Crace, 1878.
=500  \\$aTitle continues: With the names (in red ink) of the persons to whom the several parts were sold. Copied from Mr White's plan, April.
=500  \\$aNote in A catalogue of maps ... by Frederick Crace, 1878: Estate ... sold in the years 1794 to 1799.
=500  \\$aLots and properties numbered and lettered for reference.
=510  4\$aCrace, John Gregory, A catalogue of maps, plans and views of London, Westminster and Southwark collected and arranged by Frederick Crace (1878),$cno. 38, p. 87
=520  \\$aThe title and scale bar of this copy of White's plan appears at the foot of the plate. On the Duke's death, the estate was divided into individual properties and the names of the new landlords are indicated on the plan in red ink.
=650  \0$aReal property$zEngland$zLondon$vMaps$vEarly works to 1800.
=651  \0$aWestminster (London, England)$vMaps$vEarly works to 1800.
=651  \0$aLondon (England)$vMaps$vEarly works to 1800.
=655  \7$aEarly maps.$2fast$0(OCoLC)fst01752681
=700  1\$aCrace, Frederick,$d1779-1859,$eformer owner.
=700  1\$aCrace, John Gregory,$d1809-1889,$edonor.
=700  1\$aWhite, John,$cthe Elder,$esurveyor.
=852  41$aBritish Library$bMAPS$jMaps Crace Port. 12.38
=856  41$3Copy at Maps Crace Port. 12.38$uhttp://www.bl.uk/onlinegallery/onlineex/crace/p/007000000000012u00038000.html$yDigitised map
=985  \\$aUpgraded from BL georeferencer data 2022-11-17.
=985  \\$aRecord amended for WR1606-1727
=985  \\$aUpdated by MS generated file for WR2302-017
=CAT  \\$a12842$b40$c20130126$lBLL01$h1623
=CAT  \\$aWR13.117$c20130718$lBLL01$h1854
=CAT  \\$a12842$b40$c20131009$lBLL01$h1319
=CAT  \\$aW1606-1727$c20160825$lBLL01$h1742
=CAT  \\$a14185$b40$c20221201$lBLL01$h1805
=CAT  \\$a14185$b40$c20221204$lBLL01$h1944
=CAT  \\$aW2302-0174$c20230223$lBLL01$h1959
=FIN  \\$aY$d20130125
=FMT  \\$a  MP
=LAS  \\$aW2302-0174$b00$c20230223$lBLL01$h1959

