=LDR  02741cfm a2200553 a 4500
=001  016259698
=003  Uk
=005  20230223161708.0
=007  aj\canzn
=008  130126q1780\\\\xx\||||||\a\\\\\0\\\eng|\
=034  1\$aa$dW0015151$eW0015237$fN0513045$gN0513033$2bound
=040  \\$aUk$beng$cUk$dUk
=042  \\$aukblsr
=082  04$a912.42132$223
=245  03$a[A plan of the intended improvements in Leicester Fields about 1760].
=255  \\$aScale not given$c(W 1°51'51"--W 1°52'37"/N 51°30'45"--N 51°30'33").
=260  \\$c[1780?]
=300  \\$a1 map :$bhand col. ;$c41 x 76 cm
=336  \\$acartographic image$2rdacontent
=337  \\$aunmediated$2rdamedia
=338  \\$asheet$2rdacarrier
=500  \\$aPen and ink with wash on paper.
=500  \\$aUnsigned. Title taken from pen annotation above plan. Date taken from pencil annotation below plan.
=500  \\$aShows proposed development including widening of the streets coloured red; dimensions reported. The elevations of the intended houses along the top and left margin.
=510  4\$aCrace, John Gregory, A catalogue of maps, plans and views of London, Westminster and Southwark collected and arranged by Frederick Crace (1878),$cno. 39, p. 87
=520  \\$aDrawn plan of thr properties around Leicester Square showing the proposed changes to the street plan in red ink and facades of new buildings in elevation at the top and down the left side of the plate.
=650  \0$aReal property$zEngland$zLondon$vMaps$vEarly works to 1800.
=650  \0$aCity planning$zEngland$zLondon$vMaps$vEarly works to 1800.
=651  \0$aWestminster (London, England)$vMaps$vEarly works to 1800.
=651  \0$aLondon (England)$vMaps$vEarly works to 1800.
=655  \7$aMaps.$2fast$0(OCoLC)fst01423704
=700  1\$aCrace, Frederick,$d1779-1859,$eformer owner.
=700  1\$aCrace, John Gregory,$d1809-1889,$edonor.
=852  41$aBritish Library$bMAPS$jMaps Crace Port. 12.39
=856  41$3Copy at Maps Crace Port. 12.39$uhttp://www.bl.uk/onlinegallery/onlineex/crace/d/007000000000012u00039000.html$yDigitised map
=985  \\$aUpgraded from BL georeferencer data 2022-11-17.
=985  \\$aRecord amended for WR1606-1727
=985  \\$aUpdated by MS generated file for WR2302-017
=CAT  \\$a12842$b40$c20130126$lBLL01$h1640
=CAT  \\$a12842$b40$c20130126$lBLL01$h1645
=CAT  \\$aWR13.117$c20130718$lBLL01$h1854
=CAT  \\$a12842$b40$c20131009$lBLL01$h1321
=CAT  \\$aW1606-1727$c20160825$lBLL01$h1742
=CAT  \\$a14185$b40$c20221201$lBLL01$h1806
=CAT  \\$a14185$b40$c20221204$lBLL01$h1944
=CAT  \\$aW2302-0174$c20230223$lBLL01$h1959
=FIN  \\$aY$d20130125
=FMT  \\$a  MP
=LAS  \\$aW2302-0174$b00$c20230223$lBLL01$h1959

