=LDR  02404cfm a2200529 a 4500
=001  016259699
=003  Uk
=005  20230223161708.0
=007  aj\canzn
=008  130126q1844\\\\xx\||||||\a\\\\\0\\\eng|\
=034  1\$aa$dW0015156$eW0015237$fN0513041$gN0513033$2bound
=040  \\$aUk$beng$cUk$dUk
=042  \\$aukblsr
=082  04$a912.42132$223
=245  02$aA design for improvement from Piccadilly to Covent Garden. 1762.
=255  \\$aScale not given$c(W 1°51'56"--W 1°52'37"/N 51°30'41"--N 51°30'33").
=260  \\$c1844.
=300  \\$a1 map :$bcol. ;$c39 x 68 cm
=336  \\$acartographic image$2rdacontent
=337  \\$aunmediated$2rdamedia
=338  \\$asheet$2rdacarrier
=500  \\$aPen and ink with wash on paper.
=500  \\$aTitle taken from pencil annotation at lower centre.
=500  \\$aPencil note below scale: Copied from a drawing in the Gough Collection at Oxford, 1844, Fk. Crace.
=510  4\$aCrace, John Gregory, A catalogue of maps, plans and views of London, Westminster and Southwark collected and arranged by Frederick Crace (1878),$cno. 40, p. 87
=520  \\$aA 19th century copy of a plan in the Gough Collection, Oxford, dating back to 1766 and showing the new streets connecting Piccadilly to King Street in Covent Garden, London.
=650  \0$aCity planning$zEngland$zLondon$vMaps.
=651  \0$aWestminster (London, England)$vMaps.
=651  \0$aLondon (England)$vMaps.
=655  \7$aMaps.$2fast$0(OCoLC)fst01423704
=700  1\$aCrace, Frederick,$d1779-1859,$eformer owner.
=700  1\$aCrace, John Gregory,$d1809-1889,$edonor.
=852  41$aBritish Library$bMAPS$jMaps Crace Port. 12.40
=856  41$3Copy at Maps Crace Port. 12.40$uhttp://www.bl.uk/onlinegallery/onlineex/crace/other/007000000000012u00040000.html$yDigitised map
=985  \\$aUpgraded from BL georeferencer data 2022-11-17.
=985  \\$aRecord amended for WR1606-1727
=985  \\$aUpdated by MS generated file for WR2302-017
=CAT  \\$a12842$b40$c20130126$lBLL01$h1701
=CAT  \\$aWR13.117$c20130718$lBLL01$h1854
=CAT  \\$a12842$b40$c20131009$lBLL01$h1324
=CAT  \\$aW1606-1727$c20160825$lBLL01$h1742
=CAT  \\$a14185$b40$c20221201$lBLL01$h1806
=CAT  \\$a14185$b40$c20221204$lBLL01$h1945
=CAT  \\$aW2302-0174$c20230223$lBLL01$h1959
=FIN  \\$aY$d20130125
=FMT  \\$a  MP
=LAS  \\$aW2302-0174$b00$c20230223$lBLL01$h1959

