=LDR  02573cfm a2200493 a 4500
=001  016259832
=003  Uk
=005  20230223161708.0
=007  aj\canzn
=008  130128q1783\\\\xx\||||||\a\\\\\0\\\eng|\
=034  0\$aa
=040  \\$aUk$beng$cUk$dUk
=042  \\$aukblsr
=082  04$a912.42132$223
=245  00$aPlan of ground upon which stand Leicester House, offices &c.
=255  \\$aScale not given.
=260  \\$c[After 1783]
=300  \\$a1 plan :$bhand col. ;$c63 x 53 cm
=336  \\$acartographic image$2rdacontent
=337  \\$aunmediated$2rdamedia
=338  \\$avolume$2rdacarrier
=500  \\$aPen and ink with wash on paper with extensive additions in pencil.
=500  \\$aRight margin: This plan is a duplicate of one taken for the purpose of Christie the auctioneer to exhibit upon the sale of Leicester House [illegible] for sale by Mrs. Eliz. Perry & both taken by Joseph Carter of Sutton Street, Clerkenwell in 1783.
=500  \\$aLettered for reference with a key at lower right; dimensions reported.
=500  \\$aElizabeth Perry, one of the co-heiresses of the seventh Earl of Leicester, since 1744 sole owner of the freehold of Leicester House, died heavily in debt. In 1789 her estate in Leicester Square was sold by auction in several lots. Leicester House was bought for £17,700 by George Lempriere, esquire, of Highlands, near Ilford.
=510  4\$aCrace, John Gregory, A catalogue of maps, plans and views of London, Westminster and Southwark collected and arranged by Frederick Crace (1878),$cno. 41, p. 87
=650  \0$aReal property$zEngland$zLondon$vMaps$vEarly works to 1800.
=651  \0$aWestminster (London, England)$vMaps$vEarly works to 1800.
=651  \0$aLondon (England)$vMaps$vEarly works to 1800.
=655  \7$aEarly maps.$2fast$0(OCoLC)fst01752681
=700  1\$aCrace, Frederick,$d1779-1859,$eformer owner.
=700  1\$aCrace, John Gregory,$d1809-1889,$edonor.
=852  41$aBritish Library$bMAPS$jMaps Crace Port. 12.41
=856  41$3Copy at Maps Crace Port. 12.41$uhttp://www.bl.uk/onlinegallery/onlineex/crace/p/007000000000012u00041000.html$yDigitised map
=985  \\$aRecord amended for WR1606-1727
=985  \\$aUpdated by MS generated file for WR2302-017
=CAT  \\$a12842$b40$c20130128$lBLL01$h1136
=CAT  \\$aWR13.117$c20130718$lBLL01$h1854
=CAT  \\$a12842$b40$c20131009$lBLL01$h1325
=CAT  \\$aW1606-1727$c20160825$lBLL01$h1742
=CAT  \\$aW2302-0174$c20230223$lBLL01$h1959
=FIN  \\$aY$d20130128
=FMT  \\$a  MP
=LAS  \\$aW2302-0174$b00$c20230223$lBLL01$h1959

