=LDR  02372cem a2200505 a 4500
=001  016259873
=003  Uk
=005  20230223161708.0
=007  aj\aanzn
=008  130128q1826\\\\enk||||||\a\\\\\0\\\eng|\
=034  0\$aa
=040  \\$aUk$beng$cUk$dUk
=042  \\$aukblsr
=082  04$a912.42132$223
=245  00$aPlan of the leasehold estate Dean Street & Oxford Street near Soho Square for sale by auction by Mr. Shuttleworth.
=246  11$aSoho Bazaar. Particulars of extensive premises, situated in Dean Street, and Oxford Street adjoining Mr. Trotter's celebrated bazaar
=255  \\$aScale not given.
=260  \\$a[London] :$bJ. Shuttleworth & Co. Lithographers, 3 Chapel Place, Poultry,$c1826.
=300  \\$a1 plan ;$c35 x 21 cm
=336  \\$acartographic image$2rdacontent
=337  \\$aunmediated$2rdamedia
=338  \\$avolume$2rdacarrier
=500  \\$aSupplies ground plan of property on the corner of Dean Street and Oxford Street with conditions of sale printed on verso. Premises labelled and numbered for reference with dimensions given.
=510  4\$aCrace, John Gregory, A catalogue of maps, plans and views of London, Westminster and Southwark collected and arranged by Frederick Crace (1878),$cno. 42, p. 87
=510  4\$aScott, Valerie. Tooley's dictionary of mapmakers Q-Z (2004),$cp. 159
=650  \0$aReal property$zEngland$zLondon$vMaps.
=650  \0$aAuctions$zEngland$zLondon$vMaps.
=651  \0$aWestminster (London, England)$vMaps.
=651  \0$aLondon (England)$vMaps.
=655  \7$aMaps.$2fast$0(OCoLC)fst01423704
=700  1\$aCrace, Frederick,$d1779-1859,$eformer owner.
=700  1\$aCrace, John Gregory,$d1809-1889,$edonor.
=852  41$aBritish Library$bMAPS$jMaps Crace Port. 12.42
=856  41$3Copy at Maps Crace Port. 12.42$uhttp://www.bl.uk/onlinegallery/onlineex/crace/a/007000000000012u00042000.html$yDigitised map
=985  \\$aRecord amended for WR1606-1727
=985  \\$aUpdated by MS generated file for WR2302-017
=CAT  \\$a12842$b40$c20130128$lBLL01$h1250
=CAT  \\$a12842$b40$c20130128$lBLL01$h1253
=CAT  \\$aWR13.117$c20130718$lBLL01$h1855
=CAT  \\$a12842$b40$c20131009$lBLL01$h1328
=CAT  \\$aW1606-1727$c20160825$lBLL01$h1742
=CAT  \\$aW2302-0174$c20230223$lBLL01$h1959
=FIN  \\$aY$d20130128
=FMT  \\$a  MP
=LAS  \\$aW2302-0174$b00$c20230223$lBLL01$h1959

