=LDR  02423cem a2200517 a 4500
=001  016259887
=003  Uk
=005  20230223161708.0
=007  aj\aanzn
=008  130128q1810\\\\enk||||||\a\\\\\0\\\eng|\
=034  1\$aa$dW0015211$eW0015215$fN0513035$gN0513033$2bound
=040  \\$aUk$beng$cUk$dUk
=042  \\$aukblsr
=082  04$a912.42132$223
=245  00$aPlan of estate in Castle Street, Orange Street and Orange Court, Leicester Square.
=255  \\$aScale not given$c(W 1°52'11"--W 1°52'15"/N 51°30'35"--N 51°30'33").
=260  \\$c[1810]
=300  \\$a1 map ;$c30 x 37 cm
=336  \\$acartographic image$2rdacontent
=337  \\$aunmediated$2rdamedia
=338  \\$asheet$2rdacarrier
=500  \\$aIncluded in the Crace Collection but not listed in the Catalogue of maps, plans and views of London, Westminster and Southwark collected and arranged by Frederick Crace, published in 1878.
=500  \\$aUnsigned and undated. Date in imprint taken from pencil annotation below title.
=500  \\$aLots and individual properties numbered for reference with names of tenants and abutting owners given.
=520  \\$aPlan of an estate near Leicester Square divided into lots. The plan features title and scale bar at lower right and reports the names of landlords and tenants for each lot.
=650  \0$aReal property$zEngland$zLondon$vMaps.
=651  \0$aWestminster (London, England)$vMaps.
=651  \0$aLondon (England)$vMaps.
=655  \7$aMaps.$2fast$0(OCoLC)fst01423704
=700  1\$aCrace, Frederick,$d1779-1859,$eformer owner.
=700  1\$aCrace, John Gregory,$d1809-1889,$edonor.
=852  41$aBritish Library$bMAPS$jMaps Crace Port. 12.43
=856  41$3Copy at Maps Crace Port. 12.43$uhttp://www.bl.uk/onlinegallery/onlineex/crace/p/007000000000012u00044000.html$yDigitised map
=985  \\$aUpgraded from BL georeferencer data 2022-11-17.
=985  \\$aRecord amended for WR1606-1727
=985  \\$aUpdated by MS generated file for WR2302-017
=CAT  \\$a12842$b40$c20130128$lBLL01$h1316
=CAT  \\$aWR13.117$c20130718$lBLL01$h1855
=CAT  \\$a12842$b40$c20131009$lBLL01$h1330
=CAT  \\$aW1606-1727$c20160825$lBLL01$h1742
=CAT  \\$a14185$b40$c20221201$lBLL01$h1806
=CAT  \\$a14185$b40$c20221204$lBLL01$h1946
=CAT  \\$aW2302-0174$c20230223$lBLL01$h1959
=FIN  \\$aY$d20130128
=FMT  \\$a  MP
=LAS  \\$aW2302-0174$b00$c20230223$lBLL01$h1959

