=LDR  03447cem a2200625 a 4500
=001  016259985
=003  Uk
=005  20221204194658.0
=007  aj\aanzn
=008  130128q1685\\\\enk||||||\a\\\\\0\\\eng|\
=034  1\$aa$b3600$dW0015158$eW0015255$fN0513055$gN0513011$2bound
=040  \\$aUk$beng$cUk$dUk
=042  \\$aukblsr
=082  04$a912.42132$223
=100  1\$aBlome, Richard,$d-1705.
=245  12$aA mapp of the parish of St Martins in the Fields :$btaken from ye last survey, with additions /$cby Richard Blome.
=255  \\$aScale approximately 1:3,600$c(W 1°51'58"--W 1°52'55"/N 51°30'55"--N 51°30'11").
=260  \\$c[1685]
=300  \\$a1 map ;$c36 x 30 cm
=336  \\$acartographic image$2rdacontent
=337  \\$aunmediated$2rdamedia
=338  \\$asheet$2rdacarrier
=500  \\$aContains dedication to Thomas Mompesson from Richard Blome.
=500  \\$aDate in imprint taken from Ward maps of the city of London by R. Hyde.
=500  \\$aProduced for a new illustrated edition of John Stow's Survey. One of four known parish maps with Blome's details; proof copy rahter than published map.
=500  \\$aIncludes table of reference, bottom right.
=500  \\$aProminent buildings shown pictorially.
=510  4\$aCrace, John Gregory, A catalogue of maps, plans and views of London, Westminster and Southwark collected and arranged by Frederick Crace (1878),$cno. 2, p. 88
=510  4\$aHyde, Ralph. Ward maps of the city of London,$cp. 13
=510  4\$aFrench, Josephine. Tooley's dictionary of mapmakers A-D (1999),$cp. 151
=510  4\$aWorms, Laurence, Baynton-Williams, Ashley. British map engravers: a dictionary of engravers, lithographers and their principal employers,$bto 1850,$cpp. 90-91
=520  \\$aThis plan of the parish of St Martins in the Fields shows the Banqueting House at Whitehall, the New Exchange on the Strand and Northumberland House. Near the top of the plate, the southern part of today's Leicester Square is indicated with the name of Leicester Fields. The equestrian statue of Charles I is depicted at Charing Cross. A pecked line marks the boundaries with the neighbouring parishes of St James and St Giles.
=600  10$aMompesson, Thomas,$d1630-1701,$ededicatee.
=650  \0$aParishes$zEngland$zLondon$vMaps$vEarly works to 1800.
=651  \0$aWestminster (London, England)$vMaps$vEarly works to 1800.
=651  \0$aLondon (England)$vMaps$vEarly works to 1800.
=700  1\$aCrace, Frederick,$d1779-1859,$eformer owner.
=700  1\$aCrace, John Gregory,$d1809-1889,$edonor.
=852  41$aBritish Library$bMAPS$jMaps Crace Port. 13.2
=856  41$3Copy at Maps Crace Port. 13.2$uhttp://www.bl.uk/onlinegallery/onlineex/crace/a/007000000000013u00002000.html$yDigitised map
=985  \\$aUpgraded from BL georeferencer data 2022-11-17.
=985  \\$aRecord amended for WR# 13/070
=985  \\$aRecord amended for WR1606-1727
=CAT  \\$a12842$b40$c20130128$lBLL01$h1519
=CAT  \\$aWR13_070$b00$c20130504$lBLL01$h0341
=CAT  \\$a12842$b40$c20130703$lBLL01$h1457
=CAT  \\$aWR13.117$c20130718$lBLL01$h1855
=CAT  \\$a5100$b40$c20130723$lBLL01$h1417
=CAT  \\$a12842$b40$c20131009$lBLL01$h1350
=CAT  \\$aW1606-1727$c20160825$lBLL01$h1743
=CAT  \\$a14185$b40$c20221201$lBLL01$h1807
=CAT  \\$a14185$b40$c20221204$lBLL01$h1946
=FIN  \\$aY$d20130128
=FMT  \\$a  MP
=LAS  \\$a14185$b40$c20221204$lBLL01$h1946

