=LDR  03200cfm a2200601 a 4500
=001  016260049
=003  Uk
=005  20230223161708.0
=007  aj\canzn
=008  130128q1794\\\\enk||||||\a\\\\\0\\\eng|\
=034  1\$aa$dW0015216$eW0015223$fN0513022$gN0513018$2bound
=040  \\$aUk$beng$cUk$dUk
=042  \\$aukblsr
=082  04$a912.42132$223
=100  1\$aChawner, Thomas,$d1774-1851.
=245  10$a[Drawn plan of the Admiralty and property adjoining] /$cby Thomas Chawner.
=255  \\$aScale not given$c(W 1°52'16"--W 1°52'23"/N 51°30'22"--N 51°30'18").
=260  \\$cMarch 22, 1794.
=300  \\$a1 plan :$bhand col. ;$c62 x 52 cm
=336  \\$acartographic image$2rdacontent
=337  \\$aunmediated$2rdamedia
=338  \\$avolume$2rdacarrier
=500  \\$aPen and ink with wash on paper with additions in pencil.
=500  \\$aTitle taken from A catalogue of maps, plans and views of London, Westminster and Southwark collected and arranged by Frederick Crace, 1878.
=500  \\$aSupplies ground plan of the Admiralty building at Whitehall; premises labelled and coloured for reference with dimensions given.
=510  4\$aCrace, John Gregory, A catalogue of maps, plans and views of London, Westminster and Southwark collected and arranged by Frederick Crace (1878),$cno. 7, p. 88
=510  4\$aFrench, Josephine. Tooley's dictionary of mapmakers A-D (1999),$cp. 260
=520  \\$aStretching from the edge of St James's Park to Buckingham Court and Spring Garden Mews, this map shows the Admiralty buildings at Whitehall. Ordnance Storehouses are noted along the edge of the park. The drawing features plans of the individual buildings, including details such as staircases, piers and water closets.
=650  \0$aArchitecture$zEngland$zLondon$vDesigns and plans$vEarly works to 1800.
=650  \0$aAdmiralty$xBuildings, structures, etc.$zEngland$zLondon$vMaps$vEarly works to 1800.
=651  \0$aWestminster (London, England)$vMaps$vEarly works to 1800.
=651  \0$aWhitehall (London, England)$vMaps$vEarly works to 1800.
=651  \0$aLondon (England)$vMaps$vEarly works to 1800.
=655  \7$aEarly maps.$2fast$0(OCoLC)fst01752681
=700  1\$aCrace, Frederick,$d1779-1859,$eformer owner.
=700  1\$aCrace, John Gregory,$d1809-1889,$edonor.
=852  41$aBritish Library$bMAPS$jMaps Crace Port. 13.7
=856  41$3Copy at Maps Crace Port. 13.7$uhttp://www.bl.uk/onlinegallery/onlineex/crace/other/007000000000013u00007000.html$yDigitised map
=985  \\$aUpgraded from BL georeferencer data 2022-11-17.
=985  \\$aRecord amended for WR1606-1727
=985  \\$aUpdated by MS generated file for WR2302-017
=CAT  \\$a12842$b40$c20130128$lBLL01$h1755
=CAT  \\$a12842$b40$c20130128$lBLL01$h1757
=CAT  \\$a12842$b40$c20130131$lBLL01$h1224
=CAT  \\$aWR13.117$c20130718$lBLL01$h1855
=CAT  \\$a12842$b40$c20131009$lBLL01$h1409
=CAT  \\$aW1606-1727$c20160825$lBLL01$h1742
=CAT  \\$a14185$b40$c20221201$lBLL01$h1807
=CAT  \\$a14185$b40$c20221204$lBLL01$h1947
=CAT  \\$aW2302-0174$c20230223$lBLL01$h1959
=FIN  \\$aY$d20130128
=FMT  \\$a  MP
=LAS  \\$aW2302-0174$b00$c20230223$lBLL01$h1959

