=LDR  02871cfm a2200577 a 4500
=001  016260424
=003  Uk
=005  20230223161708.0
=007  aj\canzn
=008  130129q1804\\\\enk||||||\a\\\\\0\\\eng|\
=034  1\$aa$dW0015209$eW0015221$fN0513027$gN0513020$2bound
=040  \\$aUk$beng$cUk$dUk
=042  \\$aukblsr
=082  04$a912.42132$223
=100  1\$aChawner, Thomas,$d1774-1851.
=245  10$a[Drawn plan of Spring Gardens, with improvements and additions].
=255  \\$aScale not given$c(W 1°52'09"--W 1°52'21"/N 51°30'27"--N 51°30'20").
=260  \\$c[ca. 1804]
=300  \\$a1 plan :$bhand col. ;$c26 x 45 cm
=336  \\$acartographic image$2rdacontent
=337  \\$aunmediated$2rdamedia
=338  \\$avolume$2rdacarrier
=500  \\$aPen and ink with wash on paper with extensive additions in pencil.
=500  \\$aTitle taken from A catalogue of maps, plans and views of London, Westminster and Southwark collected and arranged by Frederick Crace, 1878.
=500  \\$aPencil annotation at bottom right: surveyed by Thomas Chawner, 82 Guildford Street, 1804.
=500  \\$aShows buildings along the New Street Spring Gardens and Spring Garden Mews; labelled for reference with dimensions given.
=510  4\$aCrace, John Gregory, A catalogue of maps, plans and views of London, Westminster and Southwark collected and arranged by Frederick Crace (1878),$cno. 10, p. 89
=510  4\$aFrench, Josephine. Tooley's dictionary of mapmakers A-D (1999),$cp. 260
=520  \\$aPlan of the proposed improvements to the Spring gardens in St James's. The gardens were known for the Great Room, used throughout the 18th century as an exhibition room, museum and concert hall.
=650  \0$aReal property$zEngland$zLondon$vMaps.
=651  \0$aWestminster (London, England)$vMaps.
=651  \0$aLondon (England)$vMaps.
=655  \7$aMaps.$2fast$0(OCoLC)fst01423704
=700  1\$aCrace, Frederick,$d1779-1859,$eformer owner.
=700  1\$aCrace, John Gregory,$d1809-1889,$edonor.
=852  41$aBritish Library$bMAPS$jMaps Crace Port. 13.10
=856  41$3Copy at Maps Crace Port. 13.10$uhttp://www.bl.uk/onlinegallery/onlineex/crace/other/007000000000013u00010000.html$yDigitised map
=985  \\$aUpgraded from BL georeferencer data 2022-11-17.
=985  \\$aRecord amended for WR1606-1727
=985  \\$aUpdated by MS generated file for WR2302-017
=CAT  \\$a12842$b40$c20130129$lBLL01$h1343
=CAT  \\$a12842$b40$c20130131$lBLL01$h1221
=CAT  \\$aWR13.117$c20130718$lBLL01$h1855
=CAT  \\$a12842$b40$c20131009$lBLL01$h1415
=CAT  \\$aW1606-1727$c20160825$lBLL01$h1742
=CAT  \\$a14185$b40$c20221201$lBLL01$h1807
=CAT  \\$a14185$b40$c20221204$lBLL01$h1948
=CAT  \\$aW2302-0174$c20230223$lBLL01$h1959
=FIN  \\$aY$d20130129
=FMT  \\$a  MP
=LAS  \\$aW2302-0174$b00$c20230223$lBLL01$h1959

