=LDR  02366cfm a2200541 a 4500
=001  016260504
=003  Uk
=005  20230921164135.0
=007  aj\canzn
=008  130129q1821\\\\enk||||||\a\\\\\0\\\eng|\
=034  0\$aa
=040  \\$aUk$beng$cUk$dUk
=042  \\$aukblsr
=082  04$a912.42132$223
=100  1\$aChawner, Thomas,$d1774-1851.
=245  10$aPlan of the newly erected houses in Whitehall Place, &c.a Aug.t 1821 /$cby Thomas Chawner, Surveyor to Land Revenue.
=255  \\$aScale not given.
=260  \\$cAugt. 1821.
=300  \\$a1 plan :$bhand col. ;$c44 x 57 cm
=336  \\$acartographic image$2rdacontent
=337  \\$aunmediated$2rdamedia
=338  \\$avolume$2rdacarrier
=500  \\$aPen and ink with wash on paper with additions in pencil.
=500  \\$aProposed new buildings coloured yellow; labelled and lettered for reference with key at right centre; dimensions given.
=500  \\$a"The Earl of Liverpool's Lease expires 10th Oct. 1843" -- annotation at right centre.
=510  4\$aCrace, John Gregory, A catalogue of maps, plans and views of London, Westminster and Southwark collected and arranged by Frederick Crace (1878),$cno. 13, p. 89
=510  4\$aFrench, Josephine. Tooley's dictionary of mapmakers A-D (1999),$cp. 260
=650  \0$aReal property$zEngland$zLondon$vMaps.
=651  \0$aWestminster (London, England)$vMaps.
=651  \0$aLondon (England)$vMaps.
=655  \7$aMaps.$2fast$0(OCoLC)fst01423704
=700  1\$aCrace, Frederick,$d1779-1859,$eformer owner.
=700  1\$aCrace, John Gregory,$d1809-1889,$edonor.
=852  41$aBritish Library$bMAPS$jMaps Crace Port. 13.13
=856  41$3Copy at Maps Crace Port. 13.13$uhttp://www.bl.uk/onlinegallery/onlineex/crace/p/007000000000013u00013000.html$yDigitised map
=985  \\$aRecord amended for WR1606-1727
=985  \\$aUpdated by MS generated file for WR2302-017
=CAT  \\$a12842$b40$c20130129$lBLL01$h1523
=CAT  \\$a12842$b40$c20130131$lBLL01$h1220
=CAT  \\$aWR13.117$c20130718$lBLL01$h1855
=CAT  \\$a12842$b40$c20131009$lBLL01$h1422
=CAT  \\$aW1606-1727$c20160825$lBLL01$h1742
=CAT  \\$aW2302-0174$c20230223$lBLL01$h1959
=CAT  \\$a12842$b40$c20230921$lBLL01$h1639
=CAT  \\$a12842$b40$c20230921$lBLL01$h1641
=FIN  \\$aY$d20130129
=FMT  \\$a  MP
=LAS  \\$a12842$b40$c20230921$lBLL01$h1641

