=LDR  02761cfm a2200601 a 4500
=001  016260554
=003  Uk
=005  20230223161708.0
=007  aj\canzn
=008  130129q1821\\\\enk||||||\a\\\\\0\\\eng|\
=034  1\$aa$dW0015224$eW0015227$fN0513020$gN0513018$2bound
=040  \\$aUk$beng$cUk$dUk
=042  \\$aukblsr
=082  04$a912.42132$223
=100  1\$aChawner, Thomas,$d1774-1851.
=245  10$a[Drawn plan of Whitehall Place].
=255  \\$aScale not given$c(W 1°52'24"--W 1°52'27"/N 51°30'20"--N 51°30'18").
=260  \\$c1821.
=300  \\$a1 plan :$bhand col. ;$c32 x 51 cm
=336  \\$acartographic image$2rdacontent
=337  \\$aunmediated$2rdamedia
=338  \\$avolume$2rdacarrier
=500  \\$aPen and ink with wash on paper with additions in pencil.
=500  \\$aTitle and surveyor's name taken from A catalogue of maps, plans and views of London, Westminster and Southwark collected and arranged by Frederick Crace, 1878.
=500  \\$aSupplies detailed plan of properties on Middle Scotland Yard and Whitehall Place with dimensions reported and names added in pencil.
=500  \\$aBottom right: Plan taken June 1821.
=510  4\$aCrace, John Gregory, A catalogue of maps, plans and views of London, Westminster and Southwark collected and arranged by Frederick Crace (1878),$cno. 15, p. 89
=510  4\$aFrench, Josephine. Tooley's dictionary of mapmakers A-D (1999),$cp. 260
=520  \\$aPlan showing properties in Whitehall Place.
=650  \0$aReal property$zEngland$zLondon$vMaps.
=650  \0$aArchitectural drawing$zEngland$zLondon$vMaps.
=651  \0$aWestminster (London, England)$vMaps.
=651  \0$aLondon (England)$vMaps.
=655  \7$aMaps.$2fast$0(OCoLC)fst01423704
=700  1\$aCrace, Frederick,$d1779-1859,$eformer owner.
=700  1\$aCrace, John Gregory,$d1809-1889,$edonor.
=852  41$aBritish Library$bMAPS$jMaps Crace Port. 13.15
=856  41$3Copy at Maps Crace Port. 13.15$uhttp://www.bl.uk/onlinegallery/onlineex/crace/other/007000000000013u00015000.html$yDigitised map
=985  \\$aUpgraded from BL georeferencer data 2022-11-17.
=985  \\$aRecord amended for WR1606-1727
=985  \\$aUpdated by MS generated file for WR2302-017
=CAT  \\$a12842$b40$c20130129$lBLL01$h1640
=CAT  \\$a12842$b40$c20130129$lBLL01$h1644
=CAT  \\$a12842$b40$c20130131$lBLL01$h1218
=CAT  \\$aWR13.117$c20130718$lBLL01$h1855
=CAT  \\$a12842$b40$c20131009$lBLL01$h1426
=CAT  \\$aW1606-1727$c20160825$lBLL01$h1742
=CAT  \\$a14185$b40$c20221201$lBLL01$h1808
=CAT  \\$a14185$b40$c20221204$lBLL01$h1949
=CAT  \\$aW2302-0174$c20230223$lBLL01$h1959
=FIN  \\$aY$d20130129
=FMT  \\$a  MP
=LAS  \\$aW2302-0174$b00$c20230223$lBLL01$h1959

