=LDR  03192cfm a2200589 a 4500
=001  016262222
=003  Uk
=005  20230223161709.0
=007  aj\canzn
=008  130129q1796\\\\enk||||||\a\\\\\0\\\eng|\
=034  1\$aa$dW0015210$eW0015224$fN0513034$gN0513025$2bound
=040  \\$aUk$beng$cUk$dUk
=042  \\$aukblsr
=082  04$a912.42132$223
=100  1\$aChawner, Thomas,$d1774-1851.
=245  10$a[Drawn plan of the King's Mews, Charing Cross, and the properties adjoining, from Whitcomb Street to St Martin's Lane] /$cthis survey by Thomas Chawner, 82 Guilford Street.
=255  \\$aScale not given$c(W 1°52'10"--W 1°52'24"/N 51°30'34"--N 51°30'25").
=260  \\$cJune 15, 1796.
=300  \\$a1 map :$bhand col. ;$c57 x 46 cm
=336  \\$acartographic image$2rdacontent
=337  \\$aunmediated$2rdamedia
=338  \\$asheet$2rdacarrier
=500  \\$aPen and ink with wash on paper.
=500  \\$aTitle taken from A catalogue of maps, plans and views of London, Westminster and Southwark collected and arranged by Frederick Crace, 1878.
=500  \\$aSupplies detailed plan of properties on the site of the King's Mews, the area now occupied by Trafalgar Square. Coloured and labelled for reference with explanation bottom left and dimensions reported.
=510  4\$aCrace, John Gregory, A catalogue of maps, plans and views of London, Westminster and Southwark collected and arranged by Frederick Crace (1878),$cno. 16, p. 89
=510  4\$aFrench, Josephine. Tooley's dictionary of mapmakers A-D (1999),$cp. 260
=520  \\$aThis detailed plan shows the houses and stables in what is now Trafalgar Square (indicated on the plan as the Great Mews), recording the ownership of each property. The plan shows the Crown Stables for the State Horses on the site where the National Gallery now stands.
=650  \0$aReal property$zEngland$zLondon$vMaps$vEarly works to 1800.
=651  \0$aWestminster (London, England)$vMaps$vEarly works to 1800.
=651  \0$aTrafalgar Square (London, England)$vMaps$vEarly works to 1800.
=651  \0$aLondon (England)$vMaps$vEarly works to 1800.
=655  \7$aEarly maps.$2fast$0(OCoLC)fst01752681
=700  1\$aCrace, Frederick,$d1779-1859,$eformer owner.
=700  1\$aCrace, John Gregory,$d1809-1889,$edonor.
=852  41$aBritish Library$bMAPS$jMaps Crace Port. 13.16
=856  41$3Copy at Maps Crace Port. 13.16$uhttp://www.bl.uk/onlinegallery/onlineex/crace/other/007000000000013u00016000.html$yDigitised map
=985  \\$aUpgraded from BL georeferencer data 2022-11-17.
=985  \\$aRecord amended for WR1606-1727
=985  \\$aUpdated by MS generated file for WR2302-017
=CAT  \\$a12842$b40$c20130129$lBLL01$h1740
=CAT  \\$a12842$b40$c20130129$lBLL01$h1742
=CAT  \\$a12842$b40$c20130131$lBLL01$h1218
=CAT  \\$aWR13.117$c20130718$lBLL01$h1855
=CAT  \\$a12842$b40$c20131009$lBLL01$h1430
=CAT  \\$aW1606-1727$c20160825$lBLL01$h1742
=CAT  \\$a14185$b40$c20221201$lBLL01$h1808
=CAT  \\$a14185$b40$c20221204$lBLL01$h1950
=CAT  \\$aW2302-0174$c20230223$lBLL01$h1959
=FIN  \\$aY$d20130129
=FMT  \\$a  MP
=LAS  \\$aW2302-0174$b00$c20230223$lBLL01$h1959

