=LDR  03151cem a2200613 a 4500
=001  016262507
=003  Uk
=005  20230223161710.0
=007  aj\aanzn
=008  130130s1829\\\\enk||||||\a\\\\\0\\\eng|\
=034  1\$aa$dW0015204$eW0015213$fN0513034$gN0513027$2bound
=040  \\$aUk$beng$cUk$dUk
=042  \\$aukblsr
=082  04$a912.42132$223
=100  1\$aBasire, James,$d1796-1869,$elithographer.
=245  10$a[Plan of Suffolk Street, Haymarket, showing the improvement of the property belonging to the Crown] /$cJ. Basire lithog.
=255  \\$aScale not given$c(W 1°52'04"--W 1°52'13"/N 51°30'34"--N 51°30'27").
=260  \\$a[London] :$bJames & Luke G. Hansard & Sons Printers,$c1829.
=300  \\$a1 map :$bcol. ;$c30 x 19 cm
=336  \\$acartographic image$2rdacontent
=337  \\$aunmediated$2rdamedia
=338  \\$asheet$2rdacarrier
=500  \\$aTitle taken from A catalogue of maps, plans and views of London, Westminster and Southwark collected and arranged by Frederick Crace, 1878.
=500  \\$aProperties coloured for reference with leaseholders' names given. Dimensions reported.
=500  \\$aBelow plan: 343, Ordered by the House of Commons to be printed 19th June 1829.
=510  4\$aCrace, John Gregory, A catalogue of maps, plans and views of London, Westminster and Southwark collected and arranged by Frederick Crace (1878),$cno. 18, p. 90
=510  4\$aFrench, Josephine. Tooley's dictionary of mapmakers E-J (2001),$cp. 263
=510  4\$aWorms, Laurence, Baynton-Williams, Ashley. British map engravers: a dictionary of engravers, lithographers and their principal employers,$bto 1850,$cpp. 56-57
=520  \\$aPlan showing the improvements to properties on Pall Mall and Whitcomb Street, Suffolk Street and Cross Street commissioned by the House of Commons.
=650  \0$aReal property$zEngland$zLondon$vMaps.
=651  \0$aWestminster (London, England)$vMaps.
=651  \0$aLondon (England)$vMaps.
=655  \7$aMaps.$2fast$0(OCoLC)fst01423704
=700  1\$aCrace, Frederick,$d1779-1859,$eformer owner.
=700  1\$aCrace, John Gregory,$d1809-1889,$edonor.
=710  1\$aGreat Britain.$bParliament.$bHouse of Commons.
=710  2\$aJames & Luke G. Hansard & Sons, Printers.
=852  41$aBritish Library$bMAPS$jMaps Crace Port. 13.18
=856  41$3Copy at Maps Crace Port. 13.18$uhttp://www.bl.uk/onlinegallery/onlineex/crace/other/007000000000013u00018000.html$yDigitised map
=985  \\$aUpgraded from BL georeferencer data 2022-11-17.
=985  \\$aRecord amended for WR1606-1727
=985  \\$aUpdated by MS generated file for WR2302-017
=CAT  \\$a12842$b40$c20130130$lBLL01$h1129
=CAT  \\$a12842$b40$c20130130$lBLL01$h1130
=CAT  \\$aWR13.117$c20130718$lBLL01$h1855
=CAT  \\$a12842$b40$c20131009$lBLL01$h1433
=CAT  \\$aW1606-1727$c20160825$lBLL01$h1742
=CAT  \\$a14185$b40$c20221201$lBLL01$h1554
=CAT  \\$a14185$b40$c20221202$lBLL01$h1424
=CAT  \\$a14185$b40$c20221202$lBLL01$h1456
=CAT  \\$aW2302-0174$c20230223$lBLL01$h1959
=FIN  \\$aY$d20130130
=FMT  \\$a  MP
=LAS  \\$aW2302-0174$b00$c20230223$lBLL01$h1959

