=LDR  02789cem a2200553 a 4500
=001  016262580
=003  Uk
=005  20230223161710.0
=007  aj\aanzn
=008  130130s1832\\\\enk||||||\a\\\\\0\\\eng|\
=034  1\$aa$dW0015201$eW0015243$fN0513040$gN0513017$2bound
=040  \\$aUk$beng$cUk$dUk
=042  \\$aukblsr
=082  04$a912.42132$223
=100  1\$aWyld, James,$d1790-1836.
=245  10$aPlan of the Charing Cross & Strand :$bimprovements.
=255  \\$aScale not given$c(W 1°52'01"--W 1°52'43"/N 51°30'40"--N 51°30'17").
=260  \\$aLondon :$bpublished by Jas. Wyld, Geographer to His Majesty, Charing Cross East, nearly opposite Northumberland House,$c1832.
=300  \\$a1 map ;$c27 x 38 cm
=336  \\$acartographic image$2rdacontent
=337  \\$aunmediated$2rdamedia
=338  \\$asheet$2rdacarrier
=500  \\$aShows King William Square (Trafalgar Square) with the new building of the National Gallery of Painting and Sculpture.
=510  4\$aCrace, John Gregory, A catalogue of maps, plans and views of London, Westminster and Southwark collected and arranged by Frederick Crace (1878),$cno. 21, p. 90
=520  \\$aTrafalgar Square is indicated in this plan of Charing Cross as King William Square. The National Gallery of Painting and Sculpture is also indicated on the plan. Founded in 1824, the National Gallery was initially housed in a building in Pall Mall until a more suitable one was built on the north side of Trafalgar Square in 1832-38 to a design by William Wilkins.
=650  \0$aCity planning$zEngland$zLondon$vMaps.
=651  \0$aTrafalgar Square (London, England)$vMaps.
=651  \0$aWestminster (London, England)$vMaps.
=651  \0$aLondon (England)$vMaps.
=655  \7$aMaps.$2fast$0(OCoLC)fst01423704
=700  1\$aCrace, Frederick,$d1779-1859,$eformer owner.
=700  1\$aCrace, John Gregory,$d1809-1889,$edonor.
=852  41$aBritish Library$bMAPS$jMaps Crace Port. 13.21
=856  41$3Copy at Maps Crace Port. 13.21$uhttp://www.bl.uk/onlinegallery/onlineex/crace/p/007000000000013u00021000.html$yDigitised map
=985  \\$aUpgraded from BL georeferencer data 2022-11-17.
=985  \\$aRecord amended for WR1606-1727
=985  \\$aUpdated by MS generated file for WR2302-017
=CAT  \\$a12842$b40$c20130130$lBLL01$h1226
=CAT  \\$aWR13.117$c20130718$lBLL01$h1855
=CAT  \\$a12842$b40$c20131009$lBLL01$h1447
=CAT  \\$aW1606-1727$c20160825$lBLL01$h1742
=CAT  \\$a4039$b40$c20170120$lBLL01$h1533
=CAT  \\$a14185$b40$c20221201$lBLL01$h1554
=CAT  \\$a14185$b40$c20221202$lBLL01$h1425
=CAT  \\$a14185$b40$c20221202$lBLL01$h1456
=CAT  \\$aW2302-0174$c20230223$lBLL01$h1959
=FIN  \\$aY$d20130130
=FMT  \\$a  MP
=LAS  \\$aW2302-0174$b00$c20230223$lBLL01$h1959

