=LDR  02777cem a2200565 a 4500
=001  016262720
=003  Uk
=005  20230223161710.0
=007  aj\canzn
=008  130130q1830\\\\enk||||||\a\\\\\0\\\eng|\
=034  1\$aa$dW0015214$eW0015235$fN0513036$gN0513026$2bound
=040  \\$aUk$beng$cUk$dUk
=042  \\$aukblsr
=082  04$a912.42132$223
=100  1\$aIngrey, Charles.
=245  10$a[Plan of the property sold for the improvement of the Strand and Chandos Street] /$cC. Ingrey Lithog., 310 Strand.
=255  \\$aScale not given$c(W 1°52'14"--W 1°52'35"/N 51°30'36"--N 51°30'26").
=260  \\$c[London,$c1830]
=300  \\$a1 map :$bcol. ;$c30 x 42 cm
=336  \\$acartographic image$2rdacontent
=337  \\$aunmediated$2rdamedia
=338  \\$asheet$2rdacarrier
=500  \\$aTitle and date taken from A catalogue of maps, plans and views of London, Westminster and Southwark collected and arranged by Frederick Crace, 1878.
=500  \\$aShows proposed improvements including widening of the Strand and Chandos Street; the properties sold on June 25th 1830 coloured and numbered for reference.
=510  4\$aCrace, John Gregory, A catalogue of maps, plans and views of London, Westminster and Southwark collected and arranged by Frederick Crace (1878),$cno. 22, p. 90
=510  4\$aWorms, Laurence, Baynton-Williams, Ashley. British map engravers: a dictionary of engravers, lithographers and their principal employers,$bto 1850,$cp. 342
=520  \\$aThe lots to be sold are highlighted in pink and blue.
=650  \0$aReal property$zEngland$zLondon$vMaps.
=650  \0$aCity planning$zEngland$zLondon$vMaps.
=651  \0$aWestminster (London, England)$vMaps.
=651  \0$aTrafalgar Square (London, England)$vMaps.
=651  \0$aLondon (England)$vMaps.
=655  \7$aMaps.$2fast$0(OCoLC)fst01423704
=700  1\$aCrace, Frederick,$d1779-1859,$eformer owner.
=700  1\$aCrace, John Gregory,$d1809-1889,$edonor.
=852  41$aBritish Library$bMAPS$jMaps Crace Port. 13.22.(2.)
=856  41$3Copy at Maps Crace Port. 13.22.(2.)$uhttp://www.bl.uk/onlinegallery/onlineex/crace/other/007000000000013u000220a0.html$yDigitised map
=985  \\$aUpgraded from BL georeferencer data 2022-11-17.
=985  \\$aRecord amended for WR1606-1727
=985  \\$aUpdated by MS generated file for WR2302-017
=CAT  \\$a12842$b40$c20130130$lBLL01$h1438
=CAT  \\$aWR13.117$c20130718$lBLL01$h1855
=CAT  \\$a12842$b40$c20131009$lBLL01$h1452
=CAT  \\$aW1606-1727$c20160825$lBLL01$h1742
=CAT  \\$a14185$b40$c20221201$lBLL01$h1555
=CAT  \\$a14185$b40$c20221202$lBLL01$h1457
=CAT  \\$aW2302-0174$c20230223$lBLL01$h1959
=FIN  \\$aY$d20130130
=FMT  \\$a  MP
=LAS  \\$aW2302-0174$b00$c20230223$lBLL01$h1959

