=LDR  03620cem a2200661 a 4500
=001  016262754
=003  Uk
=005  20230223161710.0
=007  aj\canzn
=008  130130s1840\\\\enk||||||\a\\\\\0\\\eng|\
=034  1\$aa$b1010$dW0015151$eW0015233$fN0513050$gN0513031$2bound
=040  \\$aUk$beng$cUk$dUk
=042  \\$aukblsr
=082  04$a912.42132$223
=100  1\$aChawner, Thomas,$d1774-1851.
=245  10$aProposed new street from Coventry Street to Long Acre :$bas revised June 1840 /$cThom. Chawner, James Pennethorne ; J. Basire lith.
=255  \\$aScale approximately 1:1,010$c(W 1°51'51"--W 1°52'33"/N 51°30'50"--N 51°30'31").
=260  \\$a[London] :$bJames Luke G. & Luke J. Hansard Printers,$c1840.
=300  \\$a1 map ;$c29 x 81 cm
=336  \\$acartographic image$2rdacontent
=337  \\$aunmediated$2rdamedia
=338  \\$asheet$2rdacarrier
=500  \\$aShows proposed improvements including widening of the streets with properties coloured and numbered for reference.
=500  \\$aAbove title: Plan D. Below plan: 410. Ordered by the House of Commons to be printed 25th June 1840. Top right corner: First Report on Metropolis Improvements; 4.
=510  4\$aCrace, John Gregory, A catalogue of maps, plans and views of London, Westminster and Southwark collected and arranged by Frederick Crace (1878),$cno. 23, p. 90
=510  4\$aFrench, Josephine. Tooley's dictionary of mapmakers A-D (1999),$cp. 260
=510  4\$aFrench, Josephine. Tooley's dictionary of mapmakers E-J (2001),$cp. 263
=510  4\$aWorms, Laurence, Baynton-Williams, Ashley. British map engravers: a dictionary of engravers, lithographers and their principal employers,$bto 1850,$cpp. 56-57
=520  \\$aThis plan was ordered by the House of Commons and is titled in the top right border 'FIRST REPORT ON METROPOLIS IMPROVEMENTS - 1840'. It shows the extension of Longacre into Leicester Square, beyond to Princes Street and the widening of Upper St Martin's Lane. The areas coloured pink are those that need to be destroyed to make way for the improvements.
=650  \0$aReal property$zEngland$zLondon$vMaps.
=650  \0$aCity planning$zEngland$zLondon$vMaps.
=651  \0$aWestminster (London, England)$vMaps.
=651  \0$aLondon (England)$vMaps.
=655  \7$aMaps.$2fast$0(OCoLC)fst01423704
=700  1\$aCrace, Frederick,$d1779-1859,$eformer owner.
=700  1\$aCrace, John Gregory,$d1809-1889,$edonor.
=700  1\$aPennethorne, James,$cSir,$d1801-1871.
=700  1\$aBasire, James,$d1796-1869,$elithographer.
=710  2\$aJames & Luke G. Hansard & Sons, Printers.
=710  1\$aGreat Britain.$bParliament.$bHouse of Commons.
=852  41$aBritish Library$bMAPS$jMaps Crace Port. 13.23
=856  41$3Copy at Maps Crace Port. 13.23$uhttp://www.bl.uk/onlinegallery/onlineex/crace/p/007000000000013u00023000.html$yDigitised map
=985  \\$aUpgraded from BL georeferencer data 2022-11-17.
=985  \\$aRecord amended for WR1606-1727
=985  \\$aUpdated by MS generated file for WR2302-017
=CAT  \\$a12842$b40$c20130130$lBLL01$h1505
=CAT  \\$a12842$b40$c20130131$lBLL01$h1135
=CAT  \\$a12842$b40$c20130314$lBLL01$h1432
=CAT  \\$aWR13.117$c20130718$lBLL01$h1855
=CAT  \\$a12842$b40$c20131009$lBLL01$h1455
=CAT  \\$aW1606-1727$c20160825$lBLL01$h1742
=CAT  \\$a8250$b40$c20220614$lBLL01$h0920
=CAT  \\$a14185$b40$c20221201$lBLL01$h1555
=CAT  \\$a14185$b40$c20221202$lBLL01$h1458
=CAT  \\$aW2302-0174$c20230223$lBLL01$h1959
=FIN  \\$aY$d20130130
=FMT  \\$a  MP
=LAS  \\$aW2302-0174$b00$c20230223$lBLL01$h1959

