=LDR  03161cem a2200601 a 4500
=001  016263133
=003  Uk
=005  20230223161710.0
=007  aj\aanzn
=008  130131s1826\\\\enk||||||\a\\\\\0\\\eng|\
=034  1\$aa$b980$dW0015230$eW0015254$fN0513044$gN0513031$2bound
=040  \\$aUk$beng$cUk$dUk
=042  \\$aukblsr
=082  04$a912.42132$223
=100  1\$aArrowsmith, Aaron,$cJr.,$d1802-1854.
=245  10$aPlan proposed for widening the Strand in the vicinity of Exeter 'Change /$cA. Arrowsmith sculpt.
=255  \\$aScale approximately 1:980$c(W 1°52'30"--W 1°52'54"/N 51°30'44"--N 51°30'31").
=260  \\$a[London] :$bLuke Hansard & Sons, Printers,$c1826.
=300  \\$a1 map ;$c37 x 49 cm
=336  \\$acartographic image$2rdacontent
=337  \\$aunmediated$2rdamedia
=338  \\$asheet$2rdacarrier
=500  \\$aShows proposed improvements including widening of the streets with buildings to be pulled down labelled.
=500  \\$aTop margin: Fifth Report of the Commissioners of His Majesty's Woods, Forests, adn Land Revenue, 1826; Appendix No. 23. Plate IV. Below plan: 368, Ordered by the House of Commons, to be printed May 12th, 1826.
=510  4\$aCrace, John Gregory, A catalogue of maps, plans and views of London, Westminster and Southwark collected and arranged by Frederick Crace (1878),$cno. 24, p. 90
=520  \\$aThis plan was ordered by the House of Commons. The Exeter Exchange (or 'Change") was an arcade of luxury shops. Beside the areas of proposed renovation, a glass-roof bazaar is shown. Buildings would have to be demolished to make way for this feature. A note in the margins reports that the plan is taken from the 'FIFTH REPORT OF THE COMMISSIONER OF HIS MAJESTY's WOODS, FORESTS, AND LAND REVENUE - 1826'.
=650  \0$aReal property$zEngland$zLondon$vMaps.
=650  \0$aCity planning$zEngland$zLondon$vMaps.
=651  \0$aWestminster (London, England)$vMaps.
=651  \0$aLondon (England)$vMaps.
=655  \7$aMaps.$2fast$0(OCoLC)fst01423704
=700  1\$aCrace, Frederick,$d1779-1859,$eformer owner.
=700  1\$aCrace, John Gregory,$d1809-1889,$edonor.
=710  1\$aGreat Britain.$bParliament.$bHouse of Commons.
=710  2\$aLuke Hansard and Sons.
=852  41$aBritish Library$bMAPS$jMaps Crace Port. 13.24
=856  41$3Copy at Maps Crace Port. 13.24$uhttp://www.bl.uk/onlinegallery/onlineex/crace/p/007000000000013u00024000.html$yDigitised map
=985  \\$aUpgraded from BL georeferencer data 2022-11-17.
=985  \\$a100 NEW
=985  \\$aRecord amended for WR1606-1727
=985  \\$aUpdated by MS generated file for WR2302-017
=CAT  \\$a12842$b40$c20130131$lBLL01$h1206
=CAT  \\$a12842$b40$c20130702$lBLL01$h1734
=CAT  \\$aWR13.117$c20130718$lBLL01$h1855
=CAT  \\$a5100$b40$c20130926$lBLL01$h1159
=CAT  \\$a12842$b40$c20131009$lBLL01$h1456
=CAT  \\$aW1606-1727$c20160825$lBLL01$h1742
=CAT  \\$a14185$b40$c20221201$lBLL01$h1555
=CAT  \\$a14185$b40$c20221202$lBLL01$h1458
=CAT  \\$aW2302-0174$c20230223$lBLL01$h1959
=FIN  \\$aY$d20130129
=FMT  \\$a  MP
=LAS  \\$aW2302-0174$b00$c20230223$lBLL01$h1959

