=LDR  02744cfm a2200553 a 4500
=001  016263153
=003  Uk
=005  20230223161710.0
=007  aj\aanzn
=008  130131q1842\\\\xx\||||||\a\\\\\0\\\eng|\
=034  1\$aa$dW0015222$eW0015237$fN0513037$gN0513032$2bound
=040  \\$aUk$beng$cUk$dUk
=042  \\$aukblsr
=082  04$a912.42132$223
=245  00$a[Drawn plan of the property of Lady Acheson, Moor's yard, St Martin's Lane and the Strand].
=255  \\$aScale not given$c(W 1°52'22"--W 1°52'37"/N 51°30'37"--N 51°30'32").
=260  \\$c[1842]
=300  \\$a1 map ;$c28 x 59 cm
=336  \\$acartographic image$2rdacontent
=337  \\$aunmediated$2rdamedia
=338  \\$asheet$2rdacarrier
=500  \\$aPen and ink on paper.
=500  \\$aTitle taken from A catalogue of maps, plans and views of London, Westminster and Southwark collected and arranged by Frederick Crace, 1878.
=500  \\$aA 19th century copy of an original survey of 1689; properties numbered for reference with names of tenants reported.
=500  \\$aPencil note bottom left: Copied by Fr. Crace from Gough Collection Oxford, 1842.
=510  4\$aCrace, John Gregory, A catalogue of maps, plans and views of London, Westminster and Southwark collected and arranged by Frederick Crace (1878),$cno. 25, p. 90
=520  \\$aThis is a copy made by Crace in 1842 of a plan in the Gough Collection. Crace liked to have copies of maps even if they were only tracings. This plan shows the properties of a Lady Acheson, with the names of tenants recorded in each case.
=650  \0$aReal property$zEngland$zLondon$vMaps.
=650  \0$aArchitectural drawing$zEngland$zLondon$vMaps.
=651  \0$aWestminster (London, England)$vMaps.
=651  \0$aLondon (England)$vMaps.
=655  \7$aMaps.$2fast$0(OCoLC)fst01423704
=700  1\$aCrace, Frederick,$d1779-1859,$eformer owner.
=700  1\$aCrace, John Gregory,$d1809-1889,$edonor.
=852  41$aBritish Library$bMAPS$jMaps Crace Port. 13.25
=856  41$3Copy at Maps Crace Port. 13.25$uhttp://www.bl.uk/onlinegallery/onlineex/crace/other/007000000000013u00025000.html$yDigitised map
=985  \\$aUpgraded from BL georeferencer data 2022-11-17.
=985  \\$aRecord amended for WR1606-1727
=985  \\$aUpdated by MS generated file for WR2302-017
=CAT  \\$a12842$b40$c20130131$lBLL01$h1234
=CAT  \\$aWR13.117$c20130718$lBLL01$h1855
=CAT  \\$a12842$b40$c20131009$lBLL01$h1458
=CAT  \\$aW1606-1727$c20160825$lBLL01$h1742
=CAT  \\$a14185$b40$c20221201$lBLL01$h1809
=CAT  \\$a14185$b40$c20221204$lBLL01$h1951
=CAT  \\$aW2302-0174$c20230223$lBLL01$h1959
=FIN  \\$aY$d20130131
=FMT  \\$a  MP
=LAS  \\$aW2302-0174$b00$c20230223$lBLL01$h1959

