=LDR  02855cfm a2200577 a 4500
=001  016263308
=003  Uk
=005  20230223161710.0
=007  aj\canzn
=008  130131q1800\\\\xx\||||||\a\\\\\0\\\eng|\
=034  1\$aa$dW0015138$eW0015147$fN0513018$gN0513013$2bound
=040  \\$aUk$beng$cUk$dUk
=042  \\$aukblsr
=082  04$a912.42132$223
=245  00$a[Plan of St James's Palace with the intended addition in the reign of King William III].
=255  \\$aScale not given$c(W 1°51'38"--W 1°51'47"/N 51°30'18"--N 51°30'13").
=260  \\$c[ca. 1800]
=300  \\$a1 plan :$bhand col. ;$c69 x 42 cm
=336  \\$acartographic image$2rdacontent
=337  \\$aunmediated$2rdamedia
=338  \\$avolume$2rdacarrier
=500  \\$aPen and ink with wash on paper.
=500  \\$aTitle taken from A catalogue of maps, plans and views of London, Westminster and Southwark collected and arranged by Frederick Crace, 1878.
=500  \\$aA 19th century copy of an original plan by Sir Christopher Wren of 1694.
=500  \\$aSupplies detailed plan of St James' Palace; premises labelled and coloured for reference.
=510  4\$aCrace, John Gregory, A catalogue of maps, plans and views of London, Westminster and Southwark collected and arranged by Frederick Crace (1878),$cno. 29, p. 91
=520  \\$aSir Christopher Wren's proposed new building lies on the edge of part of the Royal Garden. The room called 'Pastry', just off the kitchen, gives an indication of the elaborate meals prepared for the royal residents. This is a 19th-Century copy of the original 1694 plan.
=600  10$aWren, Christopher,$cSir,$d1632-1723.
=650  \0$aReal property$zEngland$zLondon$vMaps.
=650  \0$aPalaces$zEngland$zLondon$vMaps.
=651  \0$aWestminster (London, England)$vMaps.
=651  \0$aLondon (England)$vMaps.
=655  \7$aMaps.$2fast$0(OCoLC)fst01423704
=700  1\$aCrace, Frederick,$d1779-1859,$eformer owner.
=700  1\$aCrace, John Gregory,$d1809-1889,$edonor.
=852  41$aBritish Library$bMAPS$jMaps Crace Port. 13.29
=856  41$3Copy at Maps Crace Port. 13.29$uhttp://www.bl.uk/onlinegallery/onlineex/crace/other/007000000000013u00029000.html$yDigitised map
=985  \\$aUpgraded from BL georeferencer data 2022-11-17.
=985  \\$aRecord amended for WR1606-1727
=985  \\$aUpdated by MS generated file for WR2302-017
=CAT  \\$a12842$b40$c20130131$lBLL01$h1457
=CAT  \\$a12842$b40$c20130131$lBLL01$h1501
=CAT  \\$aWR13.117$c20130718$lBLL01$h1855
=CAT  \\$a12842$b40$c20131009$lBLL01$h1614
=CAT  \\$aW1606-1727$c20160825$lBLL01$h1742
=CAT  \\$a14185$b40$c20221201$lBLL01$h1809
=CAT  \\$a14185$b40$c20221204$lBLL01$h1952
=CAT  \\$aW2302-0174$c20230223$lBLL01$h1959
=FIN  \\$aY$d20130131
=FMT  \\$a  MP
=LAS  \\$aW2302-0174$b00$c20230223$lBLL01$h1959

