=LDR  02901cfm a2200565 a 4500
=001  016263559
=003  Uk
=005  20230223161711.0
=007  aj\aanzn
=008  130201q1700\\\\xx\||||||\a\\\\\0\\\eng|\
=034  1\$aa$dW0015132$eW0015138$fN0513019$gN0513015$2bound
=040  \\$aUk$beng$cUk$dUk
=042  \\$aukblsr
=082  04$a912.42132$223
=245  00$a[Drawn plan of stable yard, St James's and the property adjoining].
=255  \\$aScale not given$c(W 1°51'32"--W 1°51'38"/N 51°30'19"--N 51°30'15").
=260  \\$c[ca. 1700]
=300  \\$a1 plan :$bhand col. ;$c41 x 60 cm
=336  \\$acartographic image$2rdacontent
=337  \\$aunmediated$2rdamedia
=338  \\$avolume$2rdacarrier
=500  \\$aPen and ink with wash on paper.
=500  \\$aUnsigned and undated. Title and date taken from A catalogue of maps, plans and views of London, Westminster and Southwark collected and arranged by Frederick Crace, 1878.
=500  \\$aProperties labelled for reference with dimensions given.
=500  \\$aPaste down showing Sir John Coper Stables at lower left.
=500  \\$aIn 1660s Charles II transferred the land into a Royal Park as Upper St James's Park and enclosed it with a brick wall. In 1820 the Green Park was landscaped to John Nash's design.
=510  4\$aCrace, John Gregory, A catalogue of maps, plans and views of London, Westminster and Southwark collected and arranged by Frederick Crace (1878),$cno. 31, p. 91
=520  \\$aGreen Park now occupies 53 acres between Piccadilly and Constitution Hill. This plan dates from the park's infancy and shows the area which is to 'be laid open to the park'.
=650  \0$aParks$zEngland$zLondon$vMaps$vEarly works to 1800.
=650  \0$aReal property$zEngland$zLondon$vMaps$vEarly works to 1800.
=651  \0$aWestminster (London, England)$vMaps$vEarly works to 1800.
=651  \0$aLondon (England)$vMaps$vEarly works to 1800.
=655  \7$aEarly maps.$2fast$0(OCoLC)fst01752681
=700  1\$aCrace, Frederick,$d1779-1859,$eformer owner.
=700  1\$aCrace, John Gregory,$d1809-1889,$edonor.
=852  41$aBritish Library$bMAPS$jMaps Crace Port. 13.31
=856  41$3Copy at Maps Crace Port. 13.31$uhttp://www.bl.uk/onlinegallery/onlineex/crace/other/007000000000013u00031000.html$yDigitised map
=985  \\$aUpgraded from BL georeferencer data 2022-11-17.
=985  \\$aRecord amended for WR1606-1727
=985  \\$aUpdated by MS generated file for WR2302-017
=CAT  \\$a12842$b40$c20130201$lBLL01$h1059
=CAT  \\$aWR13.117$c20130718$lBLL01$h1855
=CAT  \\$a12842$b40$c20131009$lBLL01$h1622
=CAT  \\$aW1606-1727$c20160825$lBLL01$h1743
=CAT  \\$a14185$b40$c20221201$lBLL01$h1809
=CAT  \\$a14185$b40$c20221204$lBLL01$h1952
=CAT  \\$aW2302-0174$c20230223$lBLL01$h1959
=FIN  \\$aY$d20130201
=FMT  \\$a  MP
=LAS  \\$aW2302-0174$b00$c20230223$lBLL01$h1959

