=LDR  02524cem a2200517 a 4500
=001  016263643
=003  Uk
=005  20230223161711.0
=007  aj\aanzn
=008  130201s1827\\\\enk||||||\a\\\\\0\\\eng|\
=034  0\$aa
=040  \\$aUk$beng$cUk$dUk
=042  \\$aukblsr
=082  04$a912.42132$223
=100  1\$aWyatt, Benjamin Dean,$d1775-1855.
=245  10$aYork House. Plan of the principal floor /$cB. & P. Wyatt archts ; G. Gladwin sculpt.
=255  \\$aScale not given.
=260  \\$a[London] :$bpublished by James Carpenter & Son, Old Bond Street,$c1827.
=300  \\$a1 plan ;$c12 x 19 cm
=336  \\$acartographic image$2rdacontent
=337  \\$aunmediated$2rdamedia
=338  \\$avolume$2rdacarrier
=500  \\$aSupplies plan of the principal floor of York House in Pall Mall (also known as Stafford House and Lancaster House). The interior was designed by Benjamin Dean Wyatt, Sir Charles Barry and Sir Robert Smirke and was completed in 1840.
=500  \\$aLettered for reference with a key at left and right margin; dimensions given. Top left: plate 15.
=510  4\$aCrace, John Gregory, A catalogue of maps, plans and views of London, Westminster and Southwark collected and arranged by Frederick Crace (1878),$cno. 32, p. 91
=510  4\$aWorms, Laurence, Baynton-Williams, Ashley. British map engravers: a dictionary of engravers, lithographers and their principal employers,$bto 1850,$cp. 264
=650  \0$aArchitecture$zEngland$zLondon$vDesigns and plans.
=650  \0$aReal property$zEngland$zLondon$vDesigns and plans$vEarly works to 1800.
=651  \0$aWestminster (London, England)$vMaps.
=651  \0$aLondon (England)$vMaps.
=655  \7$aMaps.$2fast$0(OCoLC)fst01423704
=700  1\$aCrace, Frederick,$d1779-1859,$eformer owner.
=700  1\$aCrace, John Gregory,$d1809-1889,$edonor.
=700  1\$aGladwin, George,$eengraver.
=852  41$aBritish Library$bMAPS$jMaps Crace Port. 13.32
=856  41$3Copy at Maps Crace Port. 13.32$uhttp://www.bl.uk/onlinegallery/onlineex/crace/y/007000000000013u00032000.html$yDigitised map
=985  \\$aRecord amended for WR1606-1727
=985  \\$aUpdated by MS generated file for WR2302-017
=CAT  \\$a12842$b40$c20130201$lBLL01$h1157
=CAT  \\$aWR13.117$c20130718$lBLL01$h1855
=CAT  \\$a12842$b40$c20131009$lBLL01$h1627
=CAT  \\$aW1606-1727$c20160825$lBLL01$h1742
=CAT  \\$aW2302-0174$c20230223$lBLL01$h1959
=FIN  \\$aY$d20130201
=FMT  \\$a  MP
=LAS  \\$aW2302-0174$b00$c20230223$lBLL01$h1959

