=LDR  02804cem a2200589 a 4500
=001  016263677
=003  Uk
=005  20230223161711.0
=007  aj\aanzn
=008  130201s1824\\\\enk||||||\a\\\\\0\\\eng|\
=034  0\$aa
=040  \\$aUk$beng$cUk$dUk
=042  \\$aukblsr
=082  04$a912.42132$223
=100  1\$aRoffe, John,$d1769-1850,$eengraver.
=245  14$aThe Marquis of Stafford's Gallery at Cleveland House. :$bPlan of the suite of rooms on the first floor /$cEngrav'd by J. Roffe, from a drawing by C. H. Tatham Esqr.
=255  \\$aScale not given.
=260  \\$a[London] :$bpublished by Sherwood Jones & Co.,$cApril 1st 1824.
=300  \\$a1 plan ;$c12 x 19 cm
=336  \\$acartographic image$2rdacontent
=337  \\$aunmediated$2rdamedia
=338  \\$avolume$2rdacarrier
=500  \\$aSupplies plan of the Cleveland House; premises lettered for reference with a key and dimensions given.
=500  \\$aIn 1840 Cleveland House was rebuilt by Sir Charles Barry and renamed as Bridgewater House.
=500  \\$aMS note in pencil at top margin: Bridgewater House now pulled down 1846.
=510  4\$aCrace, John Gregory, A catalogue of maps, plans and views of London, Westminster and Southwark collected and arranged by Frederick Crace (1878),$cno. 33, p. 91
=510  4\$aScott, Valerie. Tooley's dictionary of mapmakers Q-Z (2004),$cp. 156
=510  4\$aWorms, Laurence, Baynton-Williams, Ashley. British map engravers: a dictionary of engravers, lithographers and their principal employers,$bto 1850,$cp. 564
=600  10$aBarry, Charles,$d1795-1860,$earchitect.
=650  \0$aReal property$zEngland$zLondon$vMaps.
=650  \0$aArchitecture$zEngland$zLondon$vDesigns and plans.
=651  \0$aWestminster (London, England)$vMaps.
=651  \0$aLondon (England)$vMaps.
=655  \7$aMaps.$2fast$0(OCoLC)fst01423704
=700  1\$aCrace, Frederick,$d1779-1859,$eformer owner.
=700  1\$aCrace, John Gregory,$d1809-1889,$edonor.
=710  2\$aSherwood, Jones, and Co.
=852  41$aBritish Library$bMAPS$jMaps Crace Port. 13.33
=856  41$3Copy at Maps Crace Port. 13.33$uhttp://www.bl.uk/onlinegallery/onlineex/crace/t/007000000000013u00033000.html$yDigitised map
=985  \\$aRecord amended for WR1606-1727
=985  \\$aUpdated by MS generated file for WR2302-017
=CAT  \\$a12842$b40$c20130201$lBLL01$h1231
=CAT  \\$a12842$b40$c20130201$lBLL01$h1425
=CAT  \\$aWR13.117$c20130718$lBLL01$h1855
=CAT  \\$a12842$b40$c20131009$lBLL01$h1629
=CAT  \\$aW1606-1727$c20160825$lBLL01$h1742
=CAT  \\$a9572$b40$c20171128$lBLL01$h1147
=CAT  \\$aBATCH-UPD$b40$c20171128$lBLL01$h1150
=CAT  \\$aW2302-0174$c20230223$lBLL01$h1959
=FIN  \\$aY$d20130201
=FMT  \\$a  MP
=LAS  \\$aW2302-0174$b00$c20230223$lBLL01$h1959

