=LDR  02476cem a2200541 a 4500
=001  016263914
=003  Uk
=005  20230223161711.0
=007  aj\aanzn
=008  130201s1849\\\\enk||||||\a\\\\\0\\\eng|\
=034  0\$aa
=040  \\$aUk$beng$cUk$dUk
=042  \\$aukblsr
=082  04$a912.42132$223
=245  00$aPresent plan of Bridgewater House.
=255  \\$aScale not given.
=260  \\$cOct. 13, 1849.
=300  \\$a1 plan ;$c19 x 23 cm
=336  \\$acartographic image$2rdacontent
=337  \\$aunmediated$2rdamedia
=338  \\$avolume$2rdacarrier
=500  \\$aPublished in 1849 in a journal of architecture The Builder, vol. VII, no. 349.
=500  \\$aSupplies plan of the Bridgewater House including Picture (Bridgewater) Gallery where Lord Ellesmere's collection of paintings was on semi-public display. Premises labelled for reference with dimensions given. Accompanied by text with comments on the architectural design.
=500  \\$aIn 1840 Cleveland House was rebuilt by Sir Charles Barry; it was completed in 1854 and renamed as Bridgewater House.
=510  4\$aCrace, John Gregory, A catalogue of maps, plans and views of London, Westminster and Southwark collected and arranged by Frederick Crace (1878),$cno. 34, p. 91
=600  10$aBarry, Charles,$d1795-1860,$earchitect.
=650  \0$aReal property$zEngland$zLondon$vMaps.
=650  \0$aArchitecture$zEngland$zLondon$vDesigns and plans.
=651  \0$aWestminster (London, England)$vMaps.
=651  \0$aLondon (England)$vMaps.
=655  \7$aMaps.$2fast$0(OCoLC)fst01423704
=700  1\$aCrace, Frederick,$d1779-1859,$eformer owner.
=700  1\$aCrace, John Gregory,$d1809-1889,$edonor.
=852  41$aBritish Library$bMAPS$jMaps Crace Port. 13.34
=856  41$3Copy at Maps Crace Port. 13.34$uhttp://www.bl.uk/onlinegallery/onlineex/crace/p/007000000000013u00034000.html$yDigitised map
=985  \\$aRecord amended for WR1606-1727
=985  \\$aUpdated by MS generated file for WR2302-017
=CAT  \\$a12842$b40$c20130201$lBLL01$h1424
=CAT  \\$a12842$b40$c20130201$lBLL01$h1434
=CAT  \\$aWR13.117$c20130718$lBLL01$h1855
=CAT  \\$a12842$b40$c20131009$lBLL01$h1631
=CAT  \\$aW1606-1727$c20160825$lBLL01$h1742
=CAT  \\$a9572$b40$c20171128$lBLL01$h1147
=CAT  \\$aBATCH-UPD$b40$c20171128$lBLL01$h1150
=CAT  \\$aW2302-0174$c20230223$lBLL01$h1959
=FIN  \\$aY$d20130201
=FMT  \\$a  MP
=LAS  \\$aW2302-0174$b00$c20230223$lBLL01$h1959

