=LDR  02844cfm a2200613 a 4500
=001  016264020
=003  Uk
=005  20230223161711.0
=007  aj\aanzn
=008  130201q1821\\\\enk||||||\a\\\\\0\\\eng|\
=034  0\$aa
=040  \\$aUk$beng$cUk$dUk
=042  \\$aukblsr
=082  04$a912.42132$223
=100  1\$aNash, John,$d1752-1835,$earchitect.
=245  10$a[Drawn plan of the New Theatre in the Haymarket, as built in 1821] /$cJohn Nash, archt.
=255  \\$aScale not given.
=260  \\$c[1821]
=300  \\$a1 plan ;$c7 x 12 cm
=336  \\$acartographic image$2rdacontent
=337  \\$aunmediated$2rdamedia
=338  \\$avolume$2rdacarrier
=500  \\$aPen and ink on paper.
=500  \\$aTitle taken from A catalogue of maps, plans and views of London, Westminster and Southwark collected and arranged by Frederick Crace, 1878.
=500  \\$aSupplies ground plan of the Theatre Royal Haymarket; in 1821 the theatre building was redesigned by John Nash.
=500  \\$aLabelled and lettered for reference with a key at right margin; dimensions reported.
=500  \\$aPrinted version engraved by George Gladwin was published in Illustrations of the Public Buildings of London, edited by John Britton, 1825.
=510  4\$aCrace, John Gregory, A catalogue of maps, plans and views of London, Westminster and Southwark collected and arranged by Frederick Crace (1878),$cno. 19, p. 90
=510  4\$aAdams, Bernard, London illustrated (1983),$b1604-1851,$cno. 146 (54), p. 351
=610  20$aHaymarket Theatre (London, England)$xHistory.
=650  \0$aPublic buildings$zEngland$zLondon$vMaps.
=650  \0$aArchitectural drawing$zEngland$zLondon$vMaps.
=650  \0$aArchitecture$zEngland$zLondon$vMaps.
=650  \0$aTheaters$zEngland$zLondon$vMaps.
=651  \0$aWestminster (London, England)$vMaps.
=651  \0$aLondon (England)$vMaps.
=655  \7$aMaps.$2fast$0(OCoLC)fst01423704
=700  1\$aCrace, Frederick,$d1779-1859,$eformer owner.
=700  1\$aCrace, John Gregory,$d1809-1889,$edonor.
=852  41$aBritish Library$bMAPS$jMaps Crace Port. 13.19.(1.)
=856  41$3Copy at Maps Crace Port. 13.19.(1.)$uhttp://www.bl.uk/onlinegallery/onlineex/crace/other/007000000000013u00019000.html$yDigitised map
=985  \\$aRecord amended for WR1606-1727
=985  \\$aUpdated by MS generated file for WR2302-017
=CAT  \\$a12842$b40$c20130201$lBLL01$h1543
=CAT  \\$a12842$b40$c20130201$lBLL01$h1544
=CAT  \\$a12842$b40$c20130201$lBLL01$h1546
=CAT  \\$a12842$b40$c20130201$lBLL01$h1604
=CAT  \\$aWR13.117$c20130718$lBLL01$h1855
=CAT  \\$a12842$b40$c20131009$lBLL01$h1440
=CAT  \\$aW1606-1727$c20160825$lBLL01$h1742
=CAT  \\$aW2302-0174$c20230223$lBLL01$h1959
=FIN  \\$aY$d20130201
=FMT  \\$a  MP
=LAS  \\$aW2302-0174$b00$c20230223$lBLL01$h1959

