=LDR  03661cem a2200661 a 4500
=001  016264052
=003  Uk
=005  20230223161711.0
=007  aj\aanzn
=008  130201q1708\\\\enk||||||\a\\\\\0\\\fre|\
=034  1\$aa$dW0015114$eW0015224$fN0513025$gN0512956$2bound
=040  \\$aUk$beng$cUk$dUk
=041  0\$afre$aeng
=042  \\$aukblsr
=082  04$a912.42132$223
=100  1\$aKnyff, Leonard,$d1650-1721.
=245  13$aLe Palais et Park de St. James /$cL. Knyff de. ; I. Kip scul.
=246  11$aSt James Palace and Park
=255  \\$aScale not given$c(W 1°51'14"--W 1°52'24"/N 51°30'25"--N 51°29'56").
=260  \\$c[1708]
=300  \\$a1 map ;$c35 x 49 cm
=336  \\$acartographic image$2rdacontent
=337  \\$aunmediated$2rdamedia
=338  \\$asheet$2rdacarrier
=500  \\$aFrom vol. 1 of Britannia illustrata or views of several of the queen's palaces ... published by David Mortier in 1708.
=500  \\$aShows St James' Palace and Park with Gate to Chelsea Horse Guards, Tilt Yard, Cock Pitt and Admiralie Office indicated. Royal coat of arms at top centre.
=510  4\$aCrace, John Gregory, A catalogue of maps, plans and views of London, Westminster and Southwark collected and arranged by Frederick Crace (1878),$cno. 30, p. 91
=510  4\$aAdams, Bernard, London illustrated (1983),$b1604-1851,$cno. 22 (3), p. 39
=510  4\$aWorms, Laurence, Baynton-Williams, Ashley. British map engravers: a dictionary of engravers, lithographers and their principal employers,$bto 1850,$cp. 373
=520  \\$aSt James's Palace was built by Henry VIII on the site of St James's Hospital, Westminster. It became the principal royal residence in London, after the destruction by fire of Whitehall Palace in 1698. This bird's-eye view shows in detail the palace and grounds, the elevation of the building and the layout of the ornamental gardens. The Admiralty Office is shown on the boundaries of the palace grounds.
=546  \\$aTitle given in English and French.
=585  \\$aCopy at Maps Crace Port. 13.30. Exhibited: 'Als die Royal aus Hannover kamen', Niedersachsisches Landesmuseum, Hannover & Museum Schloss Herrenhausen, 17 May - 5 October 2014.
=650  \0$aPalaces$zEngland$zLondon$vMaps$vEarly works to 1800.
=650  \0$aParks$zEngland$zLondon$vMaps$vEarly works to 1800.
=650  \0$aReal property$zEngland$zLondon$vMaps$vEarly works to 1800.
=651  \0$aWestminster (London, England)$vMaps$vEarly works to 1800.
=651  \0$aLondon (England)$vMaps$vEarly works to 1800.
=655  \7$aEarly maps.$2fast$0(OCoLC)fst01752681
=700  1\$aCrace, Frederick,$d1779-1859,$eformer owner.
=700  1\$aCrace, John Gregory,$d1809-1889,$edonor.
=700  1\$aKip, Johannes,$d1653-1722,$eengraver.
=700  1\$aMortier, David,$epublisher.
=852  41$aBritish Library$bMAPS$jMaps Crace Port. 13.30
=856  41$3Copy at Maps Crace Port. 13.30$uhttp://www.bl.uk/onlinegallery/onlineex/crace/l/007000000000013u00030000.html$yDigitised map
=985  \\$aUpgraded from BL georeferencer data 2022-11-17.
=985  \\$aRecord amended for WR1606-1727
=985  \\$aUpdated by MS generated file for WR2302-017
=CAT  \\$a12842$b40$c20130201$lBLL01$h1625
=CAT  \\$aWR13.117$c20130718$lBLL01$h1855
=CAT  \\$a12842$b40$c20131009$lBLL01$h1618
=CAT  \\$a8201$b40$c20150114$lBLL01$h1442
=CAT  \\$aW1606-1727$c20160825$lBLL01$h1743
=CAT  \\$a14185$b40$c20221201$lBLL01$h1810
=CAT  \\$a14185$b40$c20221204$lBLL01$h1953
=CAT  \\$aW2302-0174$c20230223$lBLL01$h1959
=FIN  \\$aY$d20130201
=FMT  \\$a  MP
=LAS  \\$aW2302-0174$b00$c20230223$lBLL01$h1959

