=LDR  02971cem a2200601 a 4500
=001  016264067
=003  Uk
=005  20230223161711.0
=007  aj\canzn
=008  130201s1836\\\\enk||||||\a\\\\\0\\\eng|\
=034  0\$aa
=040  \\$aUk$beng$cUk$dUk
=042  \\$aukblsr
=082  04$a912.42132$223
=100  1\$aWilkins, William,$d1778-1839.
=245  10$aPlan of the site of the National Gallery &c. :$bprepared according to the order of the Committee on the Arts of Design, to illustrate the evidence of Mr. Wilkins /$cJ. Basire lith.
=255  \\$aScale not given.
=260  \\$a[London] :$bJames & Luke G. Hansard & Sons, Printers,$c1836.
=300  \\$a1 plan :$bcol. ;$c28 x 57 cm
=336  \\$acartographic image$2rdacontent
=337  \\$aunmediated$2rdamedia
=338  \\$avolume$2rdacarrier
=500  \\$aSupplies plan of the National Gallery building designed by William Wilkins in 1832.
=500  \\$aLabelled and coloured for reference with explanatory notes. Signed William Wilkins, July 1836.
=500  \\$aTop right corner: Report on Arts of Design, 1836. Below plan: O.28; Ordered by the House of Commons to be printed.
=510  4\$aCrace, John Gregory, A catalogue of maps, plans and views of London, Westminster and Southwark collected and arranged by Frederick Crace (1878),$cno. 37, p. 92
=510  4\$aFrench, Josephine. Tooley's dictionary of mapmakers E-J (2001),$cp. 263
=510  4\$aWorms, Laurence, Baynton-Williams, Ashley. British map engravers: a dictionary of engravers, lithographers and their principal employers,$bto 1850,$cpp. 56-57
=610  20$aNational Gallery (Great Britain)$vMaps.
=610  20$aRoyal Academy of Arts (Great Britain)$vMaps.
=650  \0$aArchitecture$zEngland$zLondon$vDesigns and plans.
=650  \0$aPublic buildings$zEngland$zLondon$vDesigns and plans.
=651  \0$aWestminster (London, England)$vMaps.
=651  \0$aTrafalgar Square (London, England)$vMaps.
=651  \0$aLondon (England)$vMaps.
=655  \7$aMaps.$2fast$0(OCoLC)fst01423704
=700  1\$aCrace, Frederick,$d1779-1859,$eformer owner.
=700  1\$aCrace, John Gregory,$d1809-1889,$edonor.
=700  1\$aBasire, James,$d1796-1869,$eengraver.
=710  2\$aJames & Luke G. Hansard & Sons, Printers.
=710  1\$aGreat Britain.$bParliament.$bHouse of Commons.
=852  41$aBritish Library$bMAPS$jMaps Crace Port. 13.38
=856  41$3Copy at Maps Crace Port. 13.38$uhttp://www.bl.uk/onlinegallery/onlineex/crace/p/007000000000013u00038000.html$yDigitised map
=985  \\$aRecord amended for WR1606-1727
=985  \\$aUpdated by MS generated file for WR2302-017
=CAT  \\$a12842$b40$c20130201$lBLL01$h1757
=CAT  \\$aWR13.117$c20130718$lBLL01$h1855
=CAT  \\$a12842$b40$c20131009$lBLL01$h1642
=CAT  \\$aW1606-1727$c20160825$lBLL01$h1742
=CAT  \\$aW2302-0174$c20230223$lBLL01$h1959
=FIN  \\$aY$d20130201
=FMT  \\$a  MP
=LAS  \\$aW2302-0174$b00$c20230223$lBLL01$h1959

