=LDR  02654cem a2200577 a 4500
=001  016273740
=003  Uk
=005  20230223161713.0
=007  aj\aanzn
=008  130211s1775\\\\enk||||||\a\\\\\0\\\eng|\
=034  0\$aa
=040  \\$aUk$beng$cUk$dUk
=041  0\$aeng$afre
=042  \\$aukblsr
=082  04$a912.42132$223
=245  00$aPlan of the principal story of the Society's House & of the Secretary's House adjoining.
=246  11$aPlan du principal e'tage de la maison de la Sociéte et de celle du secrétaire, qui lui est contigue
=255  \\$aScale not given.
=260  \\$cJanuary 1775.
=300  \\$a1 plan ;$c60 x 47 cm
=336  \\$acartographic image$2rdacontent
=337  \\$aunmediated$2rdamedia
=338  \\$avolume$2rdacarrier
=500  \\$aSupplies ground plan of the Royal Society of Arts building in John Street designed by James Adam and Robert Adam as part of their Adelphi scheme completed in 1774.
=500  \\$aDimensions reported. Top margin: no. IV.
=510  4\$aCrace, John Gregory, A catalogue of maps, plans and views of London, Westminster and Southwark collected and arranged by Frederick Crace (1878),$cno. 41, p. 92
=546  \\$aTitle and space usage given in English and French.
=610  20$aSociety for the Encouragement of Arts, Manufactures, and Commerce (Great Britain)
=650  \0$aPublic buildings$zEngland$zLondon$vDesigns and plans$vEarly works to 1800.
=650  \0$aArchitecture$zEngland$zLondon$vDesigns and plans$vEarly works to 1800.
=651  \0$aWestminster (London, England)$vMaps$vEarly works to 1800.
=651  \0$aLondon (England)$vMaps$vEarly works to 1800.
=655  \7$aMaps.$2fast$0(OCoLC)fst01423704
=700  1\$aCrace, Frederick,$d1779-1859,$eformer owner.
=700  1\$aCrace, John Gregory,$d1809-1889,$edonor.
=700  1\$aAdam, Robert,$d1728-1792,$earchitect.
=852  41$aBritish Library$bMAPS$jMaps Crace Port. 13.41
=856  41$3Copy at Maps Crace Port. 13.41$uhttp://www.bl.uk/onlinegallery/onlineex/crace/p/007000000000013u00041000.html$yDigitised map
=985  \\$aRecord amended for WR1606-1727
=985  \\$aUpdated by MS generated file for WR2302-017
=CAT  \\$a12842$b40$c20130211$lBLL01$h1712
=CAT  \\$a12842$b40$c20130212$lBLL01$h1345
=CAT  \\$a12842$b40$c20130212$lBLL01$h1553
=CAT  \\$aWR13.117$c20130718$lBLL01$h1855
=CAT  \\$a12842$b40$c20131009$lBLL01$h1646
=CAT  \\$aW1606-1727$c20160825$lBLL01$h1742
=CAT  \\$a8874$b40$c20220906$lBLL01$h1229
=CAT  \\$aW2302-0174$c20230223$lBLL01$h1959
=FIN  \\$aY$d20130211
=FMT  \\$a  MP
=LAS  \\$aW2302-0174$b00$c20230223$lBLL01$h1959

