=LDR  03452cem a2200613 a 4500
=001  016276128
=003  Uk
=005  20230223161714.0
=007  aj\aanzn
=008  130212q1685\\\\enk||||||\a\\\\\0\\\eng|\
=034  1\$aa$dW0015220$eW0015255$fN0513053$gN0513031$2bound
=040  \\$aUk$beng$cUk$dUk
=042  \\$aukblsr
=082  04$a912.42132$223
=100  1\$aBlome, Richard,$d-1705.
=245  12$aA mapp of the parish of St Pauls, Covent Garden :$btaken from the last survey /$cby Richard Blome.
=255  \\$aScale not given$c(W 1°52'20"--W 1°52'55"/N 51°30'53"--N 51°30'31").
=260  \\$c[1685]
=300  \\$a1 map ;$c31 x 18 cm
=336  \\$acartographic image$2rdacontent
=337  \\$aunmediated$2rdamedia
=338  \\$asheet$2rdacarrier
=500  \\$aDate in imprint taken from Ward maps of the city of London by R. Hyde.
=500  \\$aProduced for a new illustrated edition of John Stow's Survey. One of four known parish maps with Blome's details; proof copy rahter than published map.
=500  \\$aIncludes table of reference, upper left.
=500  \\$aProminent buildings shown pictorially.
=510  4\$aCrace, John Gregory, A catalogue of maps, plans and views of London, Westminster and Southwark collected and arranged by Frederick Crace (1878),$cno. 42, p. 92
=510  4\$aHyde, Ralph. Ward maps of the city of London,$cp. 13
=510  4\$aFrench, Josephine. Tooley's dictionary of mapmakers A-D (1999),$cp. 151
=510  4\$aWorms, Laurence, Baynton-Williams, Ashley. British map engravers: a dictionary of engravers, lithographers and their principal employers,$bto 1850,$cpp. 90-91
=520  \\$aRichard Blome was the acting editor of Stow's Survey at this time. Pecked lines show parish boundaries. Bedford House and garden appear on this map. Built in 1586 to replace the Earls of Bedford's earlier mansion on the south side of the Strand, it was demolished in 1706, making way for Southampton Street, Tavistock Street and Tavistock Row. Covent Garden was the metropolitan estate of the Earls and Dukes of Bedford, whose family name was Russell. They later came to own much of Bloomsbury, hence the name of Russell Square.
=650  \0$aParishes$zEngland$zLondon$vMaps$vEarly works to 1800.
=651  \0$aWestminster (London, England)$vMaps$vEarly works to 1800.
=651  \0$aLondon (England)$vMaps$vEarly works to 1800.
=655  \7$aEarly maps.$2fast$0(OCoLC)fst01752681
=700  1\$aCrace, Frederick,$d1779-1859,$eformer owner.
=700  1\$aCrace, John Gregory,$d1809-1889,$edonor.
=852  41$aBritish Library$bMAPS$jMaps Crace Port. 13.42
=856  41$3Copy at Maps Crace Port. 13.42$uhttp://www.bl.uk/onlinegallery/onlineex/crace/a/007000000000013u00042000.html$yDigitised map
=985  \\$aUpgraded from BL georeferencer data 2022-11-17.
=985  \\$aRecord amended for WR# 13/070
=985  \\$aRecord amended for WR1606-1727
=985  \\$aUpdated by MS generated file for WR2302-017
=CAT  \\$a12842$b40$c20130212$lBLL01$h1738
=CAT  \\$aWR13_070$b00$c20130504$lBLL01$h0341
=CAT  \\$aWR13.117$c20130718$lBLL01$h1855
=CAT  \\$a12842$b40$c20131009$lBLL01$h1648
=CAT  \\$aW1606-1727$c20160825$lBLL01$h1743
=CAT  \\$a14185$b40$c20221201$lBLL01$h1810
=CAT  \\$a14185$b40$c20221204$lBLL01$h1954
=CAT  \\$aW2302-0174$c20230223$lBLL01$h1959
=FIN  \\$aY$d20130212
=FMT  \\$a  MP
=LAS  \\$aW2302-0174$b00$c20230223$lBLL01$h1959

