=LDR  02848cem a2200589 a 4500
=001  016276296
=003  Uk
=005  20230223161714.0
=007  aj\aanzn
=008  130213q1720\\\\enk||||||\a\\\\\0\\\eng|\
=034  1\$aa$b2470
=040  \\$aUk$beng$cUk$dUk
=042  \\$aukblsr
=082  04$a912.42132$223
=100  1\$aBlome, Richard,$d-1705.
=245  12$aA mapp of the parish of St Pauls, Covent Garden :$btaken from the last survey.
=255  \\$aScale [ca. 1:2,470].
=260  \\$a[London,$c1720]
=300  \\$a1 map ;$c31 x 18 cm
=336  \\$acartographic image$2rdacontent
=337  \\$aunmediated$2rdamedia
=338  \\$asheet$2rdacarrier
=500  \\$aFrom J. Strype's edition of J. Stow's Survey of the Cities of London and Westminster and borough of Southwark ..., published in 1720.
=500  \\$aPlate engraved ca. 1685, in cartouche below title Blome's details, though burnished out, still partly visible. Proof copy of this map at Maps Crace Port. 13.42.
=500  \\$aTop right corner: V2, B6, P97.
=500  \\$aIncludes table of reference, top left continuing top right with a list of new buildings.
=500  \\$aProminent buildings shown pictorially.
=510  4\$aCrace, John Gregory, A catalogue of maps, plans and views of London, Westminster and Southwark collected and arranged by Frederick Crace (1878),$cno. 43, p. 92
=510  4\$aFrench, Josephine. Tooley's dictionary of mapmakers A-D (1999),$cp. 151
=510  4\$aWorms, Laurence, Baynton-Williams, Ashley. British map engravers: a dictionary of engravers, lithographers and their principal employers,$bto 1850,$cpp. 90-91
=650  \0$aParishes$zEngland$zLondon$vMaps$vEarly works to 1800.
=651  \0$aWestminster (London, England)$vMaps$vEarly works to 1800.
=651  \0$aLondon (England)$vMaps$vEarly works to 1800.
=655  \7$aEarly maps.$2fast$0(OCoLC)fst01752681
=700  1\$aCrace, Frederick,$d1779-1859,$eformer owner.
=700  1\$aCrace, John Gregory,$d1809-1889,$edonor.
=852  41$aBritish Library$bMAPS$jMaps Crace Port. 13.43.(1.)
=856  41$3Copy at Maps Crace Port. 13.43.(1.)$uhttp://www.bl.uk/onlinegallery/onlineex/crace/a/007000000000013u000430a0.html$yDigitised map
=985  \\$aRecord amended for WR# 13/070
=985  \\$aRecord amended for WR1606-1727
=985  \\$aUpdated by MS generated file for WR2302-017
=CAT  \\$a12842$b40$c20130213$lBLL01$h1150
=CAT  \\$a12842$b40$c20130213$lBLL01$h1346
=CAT  \\$aWR13_070$b00$c20130504$lBLL01$h0341
=CAT  \\$aWR13.117$c20130718$lBLL01$h1855
=CAT  \\$a12842$b40$c20131009$lBLL01$h1651
=CAT  \\$a12842$b40$c20131009$lBLL01$h1654
=CAT  \\$aW1606-1727$c20160825$lBLL01$h1743
=CAT  \\$aW2302-0174$c20230223$lBLL01$h1959
=FIN  \\$aY$d20130213
=FMT  \\$a  MP
=LAS  \\$aW2302-0174$b00$c20230223$lBLL01$h1959

