=LDR  03097cfm a2200577 a 4500
=001  016276354
=003  Uk
=005  20230223161714.0
=007  aj\aanzn
=008  130213q1800\\\\xx\||||||\a\\\\\0\\\eng|\
=034  1\$aa$dW0015223$eW0015254$fN0513051$gN0513031$2bound
=040  \\$aUk$beng$cUk$dUk
=042  \\$aukblsr
=082  04$a912.42132$223
=245  03$a[A drawn plan of the parish of St Paul's showing Old Bedford House in the Strand and Covent Garden].
=255  \\$aScale not given$c(W 1°52'23"--W 1°52'54"/N 51°30'51"--N 51°30'31").
=260  \\$c[ca. 1800]
=300  \\$a1 map ;$c35 x 50 cm
=336  \\$acartographic image$2rdacontent
=337  \\$aunmediated$2rdamedia
=338  \\$asheet$2rdacarrier
=500  \\$aPen and ink on paper with additions in pencil.
=500  \\$aA 19th century copy of original plan from ca. 1700. Title taken from A catalogue of maps, plans and views of London, Westminster and Southwark collected and arranged by Frederick Crace, 1878.
=500  \\$aSome properties numbered and labelled for reference.
=510  4\$aCrace, John Gregory, A catalogue of maps, plans and views of London, Westminster and Southwark collected and arranged by Frederick Crace (1878),$cno. 44, pp. 92-93
=520  \\$aThis is a 19th-Century copy of a map from the beginning of the previous century. It shows Old Bedford House in the Strand. Individual houses around the piazza in Covent Garden are numbered. The New Exchange is marked on the Strand. This was a very smart shopping arcade completed in 1609, taking over much of the trade of the Royal Exchange after it was destroyed in the Great Fire. Historian and biographer John Strype described it in 1720 as 'a place of great resort and trade for the nobility and gentry'.
=650  \0$aReal property$zEngland$zLondon$vMaps.
=650  \0$aParishes$zEngland$zLondon$vMaps.
=651  \0$aWestminster (London, England)$vMaps.
=651  \0$aMayfair (London, England)$vMaps.
=651  \0$aWest End (London, England)$vMaps.
=651  \0$aCovent Garden (London, England)$vMaps.
=655  \7$aMaps.$2fast$0(OCoLC)fst01423704
=700  1\$aCrace, Frederick,$d1779-1859,$eformer owner.
=700  1\$aCrace, John Gregory,$d1809-1889,$edonor.
=852  41$aBritish Library$bMAPS$jMaps Crace Port. 13.44
=856  41$3Copy at Maps Crace Port. 13.44$uhttp://www.bl.uk/onlinegallery/onlineex/crace/other/007000000000013u00044000.html$yDigitised map
=985  \\$aUpgraded from BL georeferencer data 2022-11-17.
=985  \\$aRecord amended for WR1606-1727
=985  \\$aUpdated by MS generated file for WR2302-017
=CAT  \\$a12842$b40$c20130213$lBLL01$h1338
=CAT  \\$a12842$b40$c20130213$lBLL01$h1346
=CAT  \\$aWR13.117$c20130718$lBLL01$h1855
=CAT  \\$a12842$b40$c20131009$lBLL01$h1700
=CAT  \\$aW1606-1727$c20160825$lBLL01$h1742
=CAT  \\$a14185$b40$c20221201$lBLL01$h1810
=CAT  \\$a14185$b40$c20221204$lBLL01$h1955
=CAT  \\$aW2302-0174$c20230223$lBLL01$h1959
=FIN  \\$aY$d20130213
=FMT  \\$a  MP
=LAS  \\$aW2302-0174$b00$c20230223$lBLL01$h1959

