=LDR  03521cem a2200613 a 4500
=001  016276465
=003  Uk
=005  20230223161714.0
=007  aj\aanzn
=008  130213s1851\\\\enk||||||\a\\\\\0\\\eng|\
=034  1\$aa$b1220$dW0015221$eW0015256$fN0513054$gN0513031$2bound
=040  \\$aUk$beng$cUk$dUk
=082  04$a912.42132$223
=100  1\$aBeck, Thomas George,$dactive 1851,$esurveyor.
=245  12$aA map of the parish of St. Paul Covent Garden :$bshewing the site of Bedford House & grounds. /$cFrom a survey made by William Lyborn in the year 1686 ; enlarged from the original survey by Thomas George Beck, surveyor of Pavements, 4 Tavistock Row, Covent Garden, March 3rd, 1851 ; drawn on stone by C. J. Culliford, 22 Southampton Street, Strand.
=255  \\$aScale approximately 1:1,220$c(W 1°52'21"--W 1°52'56"/N 51°30'54"--N 51°30'31").
=260  \\$a[London],$c1851.
=300  \\$a1 map ;$c64 x 46 cm
=336  \\$acartographic image$2rdacontent
=337  \\$aunmediated$2rdamedia
=338  \\$asheet$2rdacarrier
=500  \\$aIncludes a guide to the boundaries, bottom right corner.
=510  4\$aCrace, John Gregory, A catalogue of maps, plans and views of London, Westminster and Southwark collected and arranged by Frederick Crace (1878),$cno. 45, p. 93
=510  4\$aFrench, Josephine. Tooley's dictionary of mapmakers A-D (1999),$cp. 106
=510  4\$aScott, Valerie. Tooley's dictionary of mapmakers K-P (2003),$cp. 129
=520  \\$aA pecked line marks the parish boundary of St Paul's, Covent Carden. Covent Garden was the metropolitan estate of the Russell family: the earls and dukes of Bedford. Bedford House, built in 1586 for the third earl of Bedford, appears to have been an important boundary marker. The development of the area in the 1630s saw it become the first suburb outside the City to be financed by the leasehold system and regulated by building covenants. These factors, combined with Inigo Jones' architecture, made Covent Garden a prototype which was aspired to for the next 250 years.
=650  \0$aParishes$zEngland$zLondon$vMaps.
=651  \0$aCovent Garden (London, England)$vMaps.
=651  \0$aMayfair (London, England)$vMaps.
=651  \0$aWestminster (London, England)$vMaps.
=655  \7$aMaps.$2fast$0(OCoLC)fst01423704
=700  1\$aCrace, Frederick,$d1779-1859,$eformer owner.
=700  1\$aCrace, John Gregory,$d1809-1889,$edonor.
=700  1\$aLeybourn, William,$d1626-1716,$esurveyor.
=852  41$aBritish Library$bMAPS$jMaps Crace Port. 13.45
=856  41$3Copy at Maps Crace Port. 13.45$uhttp://www.bl.uk/onlinegallery/onlineex/crace/a/007000000000013u00045000.html$yDigitised map
=985  \\$aUpgraded from BL georeferencer data 2022-11-17.
=985  \\$aRecord amended for WR# 13/070
=985  \\$aRecord amended for WR1606-1727
=985  \\$aUpdated by MS generated file for WR2302-017
=CAT  \\$a12842$b40$c20130213$lBLL01$h1529
=CAT  \\$aWR13_070$b00$c20130504$lBLL01$h0341
=CAT  \\$aWR13_070C$c20130611$lBLL01$h1859
=CAT  \\$a12842$b40$c20130705$lBLL01$h1710
=CAT  \\$aWR13.117$c20130718$lBLL01$h1855
=CAT  \\$a12842$b40$c20131009$lBLL01$h1702
=CAT  \\$a12842$b40$c20131009$lBLL01$h1704
=CAT  \\$aW1606-1727$c20160825$lBLL01$h1742
=CAT  \\$a14185$b40$c20221201$lBLL01$h1556
=CAT  \\$a14185$b40$c20221202$lBLL01$h1459
=CAT  \\$aW2302-0174$c20230223$lBLL01$h1959
=FIN  \\$aY$d20130213
=FMT  \\$a  MP
=LAS  \\$aW2302-0174$b00$c20230223$lBLL01$h1959

