=LDR  03111cem a2200541 a 4500
=001  016276509
=003  Uk
=005  20230223161714.0
=007  aj\aanzn
=008  130213s1809\\\\enk||||||\a\\\\\0\\\eng|\
=034  1\$aa$dW0015227$eW0015249$fN0513047$gN0513033$2bound
=040  \\$aUk$beng$cUk$dUk
=042  \\$aukblsr
=082  04$a912.42132$223
=100  1\$aSmith, John Thomas,$epublisher.
=245  10$aPlan of Bedford House, Covent Garden, &c. :$btaken about 1690 from a drawing in the possession of John Charles Crowle.
=255  \\$aScale not given$c(W 1°52'27"--W 1°52'49"/N 51°30'47"--N 51°30'33").
=260  \\$aLondon :$bpublished by John Thomas Smith, n. 4 Polygon, Somers Town,$c30 May 1809.
=300  \\$a1 map ;$c21 x 29 cm
=336  \\$acartographic image$2rdacontent
=337  \\$aunmediated$2rdamedia
=338  \\$asheet$2rdacarrier
=500  \\$aShows Bedford House and Covent Garden area; includes notes on local history.
=500  \\$aNote in A catalogue of maps, plans and views of London, Westminster and Southwark collected and arranged by Frederick Crace: Copied from an old drawing of 1690, in Crowle's Pennant in the British Museum.
=510  4\$aCrace, John Gregory, A catalogue of maps, plans and views of London, Westminster and Southwark collected and arranged by Frederick Crace (1878),$cno. 46, p. 93
=520  \\$aThis map is copied from a 1690 drawing in Crowle's Pennant, held in the British Museum. Annotations appear across the drawing, recording local history before and after 1690. For example, in St Paul's churchyard is mentioned Marmaduke Conway, who died in 1717 at the age of 108 having never lost a single tooth. It also shows the location of Bedford House, which had been taken down over a century earlier. Around the border of the map are more informative gems, such as the location of a house named 'Two Golden Balls' which in 1711 was famous for magical entertainments.
=651  \0$aWestminster (London, England)$vMaps.
=651  \0$aWest End (London, England)$vMaps.
=651  \0$aCovent Garden (London, England)$vMaps.
=655  \7$aMaps.$2fast$0(OCoLC)fst01423704
=700  1\$aCrace, Frederick,$d1779-1859,$eformer owner.
=700  1\$aCrace, John Gregory,$d1809-1889,$edonor.
=852  41$aBritish Library$bMAPS$jMaps Crace Port. 13.46
=856  41$3Copy at Maps Crace Port. 13.46$uhttp://www.bl.uk/onlinegallery/onlineex/crace/p/007000000000013u00046000.html$yDigitised map
=985  \\$aUpgraded from BL georeferencer data 2022-11-17.
=985  \\$aRecord amended for WR1606-1727
=985  \\$aUpdated by MS generated file for WR2302-017
=CAT  \\$a12842$b40$c20130213$lBLL01$h1638
=CAT  \\$a12842$b40$c20130213$lBLL01$h1642
=CAT  \\$aWR13.117$c20130718$lBLL01$h1855
=CAT  \\$a12842$b40$c20131009$lBLL01$h1704
=CAT  \\$aW1606-1727$c20160825$lBLL01$h1742
=CAT  \\$a14185$b40$c20221201$lBLL01$h1556
=CAT  \\$a14185$b40$c20221202$lBLL01$h1500
=CAT  \\$aW2302-0174$c20230223$lBLL01$h1959
=FIN  \\$aY$d20130213
=FMT  \\$a  MP
=LAS  \\$aW2302-0174$b00$c20230223$lBLL01$h1959

