=LDR  02605cfm a2200565 a 4500
=001  016276545
=003  Uk
=005  20230223161714.0
=007  aj\canzn
=008  130213q1808\\\\xx\||||||\a\\\\\0\\\eng|\
=034  0\$aa
=040  \\$aUk$beng$cUk$dUk
=042  \\$aukblsr
=082  04$a912.42132$223
=245  00$aGround plan of the Theatre Royal, Covent Garden.
=255  \\$aScale not given.
=260  \\$c[1808]
=300  \\$a1 plan :$bhand col. ;$c74 x 53 cm
=336  \\$acartographic image$2rdacontent
=337  \\$aunmediated$2rdamedia
=338  \\$avolume$2rdacarrier
=500  \\$aPen and ink with wash on paper with additions in pencil.
=500  \\$aUnsigned and undated. Date taken from A catalogue of maps, plans and views of London, Westminster and Southwark collected and arranged by Frederick Crace.
=500  \\$aSupplies detailed plan of the Royal Opera House (originally called the Theatre Royal) with dimensions reported.
=500  \\$aOn 20th September 1808 the theatre building was destroyed by fire. It was rebuilt to Robert Smirke's design and opened on 18 September 1809.
=510  4\$aCrace, John Gregory, A catalogue of maps, plans and views of London, Westminster and Southwark collected and arranged by Frederick Crace (1878),$cno. 49, p. 93
=600  10$aSmirke, Robert,$d1780-1867,$earchitect.
=610  20$aRoyal Opera House (London, England)$xBuildings, structures, etc.$xHistory.
=650  \0$aPublic buildings$zEngland$zLondon$vMaps.
=650  \0$aArchitectural drawing$zEngland$zLondon$vMaps.
=650  \0$aArchitecture$zEngland$zLondon$vMaps.
=650  \0$aTheaters$zEngland$zLondon$vMaps.
=651  \0$aWestminster (London, England)$vMaps.
=651  \0$aCovent Garden (London, England)$vMaps.
=651  \0$aLondon (England)$vMaps.
=655  \7$aMaps.$2fast$0(OCoLC)fst01423704
=700  1\$aCrace, Frederick,$d1779-1859,$eformer owner.
=700  1\$aCrace, John Gregory,$d1809-1889,$edonor.
=852  41$aBritish Library$bMAPS$jMaps Crace Port. 13.49
=856  41$3Copy at Maps Crace Port. 13.49$uhttp://www.bl.uk/onlinegallery/onlineex/crace/g/007000000000013u00049000.html$yDigitised map
=985  \\$aRecord amended for WR1606-1727
=985  \\$aUpdated by MS generated file for WR2302-017
=CAT  \\$a12842$b40$c20130213$lBLL01$h1821
=CAT  \\$aWR13.117$c20130718$lBLL01$h1855
=CAT  \\$a12842$b40$c20131009$lBLL01$h1712
=CAT  \\$aW1606-1727$c20160825$lBLL01$h1742
=CAT  \\$aW2302-0174$c20230223$lBLL01$h1959
=FIN  \\$aY$d20130213
=FMT  \\$a  MP
=LAS  \\$aW2302-0174$b00$c20230223$lBLL01$h1959

