=LDR  02192 em a2200481 a 4500
=001  016276795
=003  Uk
=005  20130214142503.0
=007  aj\aanzn
=008  130214s1754\\\\enk||||||\a\\\\\0\\\eng|\
=034  1\$aa
=040  \\$aUk$beng$cUk$dUk
=041  0\$aeng
=042  \\$aukblsr
=082  04$a912.421$223
=100  1\$aVertue, George,$d1684-1756.
=245  12$aA plan of the ground and building in the Strand called the Savoy, taken in the year 1736 /$cG. Vertue delin. et sculp.
=255  \\$aScale not given.
=260  \\$a[London] :$bSumptibus Societ. Ant. Lond.,$cJune 20, 1754.
=300  \\$a1 map ;$c44 x 34 cm.
=336  \\$acartographic image$2rdacontent
=337  \\$aunmediated$2rdamedia
=338  \\$asheet$2rdacarrier
=500  \\$aFrom Vetusta Monumenta, vol. 2.
=500  \\$aSupplies detailed plan of Savoy area in Strand; labelled for reference.
=510  1\$aCrace, John Gregory, A catalogue of maps, plans and views of London, Westminster and Southwark collected and arranged by Frederick Crace (1878),$cno. 53, p. 94.
=510  1\$aAdams, Bernard. London illustrated:$b1604-1851,$cno. 36 (12), p. 86.
=510  1\$aScott, Valerie. Tooley's dictionary of mapmakers Q-Z (2004),$cp. 321-322.
=510  1\$aWorms, Laurence, Baynton-Williams, Ashley. British map engravers: a dictionary of engravers, lithographers and their principal employers:$bto 1850,$cpp. 686-687.
=651  \0$aWestminster (London, England)$xBuildings, structures, etc.$xEarly works to 1800$vMaps.
=655  \0$aEarly maps.
=700  1\$aCrace, Frederick,$d1779-1859,$eformer owner.
=700  1\$aCrace, John Gregory,$d1809-1889,$edonor.
=852  41$aBritish Library$bMAPS$jMaps Crace Port. 13.52
=856  41$3Copy at Maps Crace Port. 13.52$uhttp://www.bl.uk/onlinegallery/onlineex/crace/a/007000000000013u00052000.html$yDigitised map
=985  \\$aRecord amended for WR1606-1727
=CAT  \\$a12842$b40$c20130214$lBLL01$h1356
=CAT  \\$a12842$b40$c20130214$lBLL01$h1425
=CAT  \\$aWR13.117$c20130718$lBLL01$h1855
=CAT  \\$aW1606-1727$c20160825$lBLL01$h1742
=FIN  \\$aY$d20130214
=FMT  \\$a  MP
=LAS  \\$aW1606-1727$b00$c20160825$lBLL01$h1742

