=LDR  02555cem a2200517 a 4500
=001  016276892
=003  Uk
=005  20230223161714.0
=007  aj\canzn
=008  130214s1830\\\\enk||||||\a\\\\\0\\\eng|\
=034  1\$aa$b1415$dW0015239$eW0015325$fN0513051$gN0513027$2bound
=040  \\$aUk$beng$cUk$dUk
=042  \\$aukblsr
=082  04$a912.42132$223
=245  00$aMap of the Manor of the Savoy and the Liberty of the Duchy of Lancaster called the Savoy Liberty in the county of Middlesex.
=255  \\$aScale approximately 1:1,415$c(W 1°52'39"--W 1°53'25"/N 51°30'51"--N 51°30'27").
=260  \\$a[London] :$bG. E. Madeley, lith., 3 Wellington St., Strand,$c1830.
=300  \\$a1 map :$bcol. ;$c37 x 53 cm
=336  \\$acartographic image$2rdacontent
=337  \\$aunmediated$2rdamedia
=338  \\$asheet$2rdacarrier
=500  \\$aWards coloured for reference with explanation below plan.
=510  4\$aCrace, John Gregory, A catalogue of maps, plans and views of London, Westminster and Southwark collected and arranged by Frederick Crace (1878),$cno. 54, p. 94
=510  4\$aScott, Valerie. Tooley's dictionary of mapmakers K-P (2003),$cp. 186
=520  \\$aThe Savoy Liberty is divided into four wards which are delineated by different pastel shades, an explanation of which appears in the table. St Mary-le-Strand and the site of the Lyceum Theatre, now in ruins, are shown, as is the ancient site of Burliegh House.
=651  \0$aWestminster (London, England)$vMaps.
=651  \0$aLondon (England)$vMaps.
=655  \7$aMaps.$2fast$0(OCoLC)fst01423704
=700  1\$aCrace, Frederick,$d1779-1859,$eformer owner.
=700  1\$aCrace, John Gregory,$d1809-1889,$edonor.
=700  1\$aMadeley, George Edward,$elithographer.
=852  41$aBritish Library$bMAPS$jMaps Crace Port. 13.54
=856  41$3Copy at Maps Crace Port. 13.54$uhttp://www.bl.uk/onlinegallery/onlineex/crace/m/007000000000013u00054000.html$yDigitised map
=985  \\$aUpgraded from BL georeferencer data 2022-11-17.
=985  \\$aRecord amended for WR1606-1727
=985  \\$aUpdated by MS generated file for WR2302-017
=CAT  \\$a12842$b40$c20130214$lBLL01$h1537
=CAT  \\$aWR13.117$c20130718$lBLL01$h1855
=CAT  \\$a12842$b40$c20131009$lBLL01$h1725
=CAT  \\$aW1606-1727$c20160825$lBLL01$h1742
=CAT  \\$a14185$b40$c20221201$lBLL01$h1557
=CAT  \\$a14185$b40$c20221202$lBLL01$h1501
=CAT  \\$aW2302-0174$c20230223$lBLL01$h1959
=FIN  \\$aY$d20120813
=FMT  \\$a  MP
=LAS  \\$aW2302-0174$b00$c20230223$lBLL01$h1959

