=LDR  02286cem a2200493 a 4500
=001  016277005
=003  Uk
=005  20230223161714.0
=007  aj\aanzn
=008  130214q1790\\\\enk||||||\a\\\\\0\\\eng|\
=034  0\$aa
=040  \\$aUk$beng$cUk$dUk
=042  \\$aukblsr
=082  04$a912.42132$223
=100  1\$aSimpkins, William,$d18th/19th cent,$eengraver.
=245  10$aPlan of the parish of St. Mary le Strand, including Somerset House, & precinct of the Savoy /$cSimpkins, 9 Clements Inn.
=255  \\$aScale not given.
=260  \\$a[London,$c1790]
=300  \\$a1 map ;$c18 x 26 cm
=336  \\$acartographic image$2rdacontent
=337  \\$aunmediated$2rdamedia
=338  \\$asheet$2rdacarrier
=500  \\$aDate taken from A catalogue of maps, plans and views of London, Westminster and Southwark collected and arranged by Frederick Crace.
=500  \\$aNumbered for reference with a key at lower left.
=510  4\$aCrace, John Gregory, A catalogue of maps, plans and views of London, Westminster and Southwark collected and arranged by Frederick Crace (1878),$cno. 55, p. 94
=510  4\$aWorms, Laurence, Baynton-Williams, Ashley. British map engravers: a dictionary of engravers, lithographers and their principal employers,$bto 1850,$cp. 607
=650  \0$aParishes$zEngland$zLondon$vMaps$vEarly works to 1800.
=651  \0$aWestminster (London, England)$vMaps$vEarly works to 1800.
=651  \0$aLondon (England)$vMaps$vEarly works to 1800.
=655  \7$aEarly maps.$2fast$0(OCoLC)fst01752681
=700  1\$aCrace, Frederick,$d1779-1859,$eformer owner.
=700  1\$aCrace, John Gregory,$d1809-1889,$edonor.
=852  41$aBritish Library$bMAPS$jMaps Crace Port. 13.55
=856  41$3Copy at Maps Crace Port. 13.55$uhttp://www.bl.uk/onlinegallery/onlineex/crace/p/007000000000013u00055000.html$yDigitised map
=985  \\$aRecord amended for WR1606-1727
=985  \\$aUpdated by MS generated file for WR2302-017
=CAT  \\$a12842$b40$c20130214$lBLL01$h1610
=CAT  \\$aWR13.117$c20130718$lBLL01$h1855
=CAT  \\$a12842$b40$c20131009$lBLL01$h1727
=CAT  \\$aW1606-1727$c20160825$lBLL01$h1742
=CAT  \\$aW2302-0174$c20230223$lBLL01$h1959
=FIN  \\$aY$d20120814
=FMT  \\$a  MP
=LAS  \\$aW2302-0174$b00$c20230223$lBLL01$h1959

