=LDR  02126cem a2200493 a 4500
=001  016277118
=003  Uk
=005  20230223161714.0
=007  aj\aanzn
=008  130215s1792\\\\enk||||||\a\\\\\0\\\eng|\
=034  0\$aa
=040  \\$aUk$beng$cUk$dUk
=042  \\$aukblsr
=082  04$a912.42132$223
=245  04$aThe ground plot of Arundel House & gardens.
=255  \\$aScale not given.
=260  \\$a[London] :$bpublished by J. Thane, Rupert Street, Hay Market,$cMarch 1, 1792.
=300  \\$a1 map ;$c17 x 19 cm
=336  \\$acartographic image$2rdacontent
=337  \\$aunmediated$2rdamedia
=338  \\$asheet$2rdacarrier
=500  \\$aFrom Views of Arundel House published by John Thane in 1792.
=500  \\$aPremises outlined in black; built-up area stippled, gardens hatched.
=510  4\$aCrace, John Gregory, A catalogue of maps, plans and views of London, Westminster and Southwark collected and arranged by Frederick Crace (1878),$cno. 57, p. 94
=510  4\$aAdams, Bernard. London illustrated,$b1604-1851,$cno. 74 (3), p. 176
=650  \0$aReal property$zEngland$zLondon$vMaps$vEarly works to 1800.
=651  \0$aWestminster (London, England)$vMaps$vEarly works to 1800.
=651  \0$aLondon (England)$vMaps$vEarly works to 1800.
=655  \7$aEarly maps.$2fast$0(OCoLC)fst01752681
=700  1\$aCrace, Frederick,$d1779-1859,$eformer owner.
=700  1\$aCrace, John Gregory,$d1809-1889,$edonor.
=700  1\$aThane, John,$d1748-1818,$epublisher.
=852  41$aBritish Library$bMAPS$jMaps Crace Port. 13.57
=856  41$3Copy at Maps Crace Port. 13.57$uhttp://www.bl.uk/onlinegallery/onlineex/crace/t/007000000000013u00057000.html$yDigitised map
=985  \\$aRecord amended for WR1606-1727
=985  \\$aUpdated by MS generated file for WR2302-017
=CAT  \\$a12842$b40$c20130215$lBLL01$h1040
=CAT  \\$aWR13.117$c20130718$lBLL01$h1855
=CAT  \\$a12842$b40$c20131009$lBLL01$h1738
=CAT  \\$aW1606-1727$c20160825$lBLL01$h1742
=CAT  \\$aW2302-0174$c20230223$lBLL01$h1959
=FIN  \\$aY$d20130215
=FMT  \\$a  MP
=LAS  \\$aW2302-0174$b00$c20230223$lBLL01$h1959

