=LDR  02571cfm a2200529 a 4500
=001  016277540
=003  Uk
=005  20230223161714.0
=007  aj\aanzn
=008  130215q1800\\\\xx\||||||\a\\\\\0\\\eng|\
=034  1\$aa$dW0015300$eW0015312$fN0513046$gN0513038$2bound
=040  \\$aUk$beng$cUk$dUk
=042  \\$aukblsr
=082  04$a912.42132$223
=245  03$a[A drawn plan of the property of the Duke of Norfolk in the Strand, showing plan of Arundel House and garden in 1720].
=255  \\$aScale not given$c(W 1°53'00"--W 1°53'12"/N 51°30'46"--N 51°30'38").
=260  \\$c[ca. 1800]
=300  \\$a1 map ;$c61 x 48 cm
=336  \\$acartographic image$2rdacontent
=337  \\$aunmediated$2rdamedia
=338  \\$asheet$2rdacarrier
=500  \\$aPen and ink on paper.
=500  \\$aA 19th century copy of original plan from ca. 1720. Title taken from A catalogue of maps, plans and views of London, Westminster and Southwark collected and arranged by Frederick Crace, 1878.
=500  \\$aLettered and numbered for reference, some dimensions given.
=510  4\$aCrace, John Gregory, A catalogue of maps, plans and views of London, Westminster and Southwark collected and arranged by Frederick Crace (1878),$cno. 58, p. 94
=520  \\$aThis plan shows Arundel House and its garden as they appeared in 1720. Arundel House had been used as a garrison since 1646, but was returned to Henry, the sixth Duke of Norfolk, at the Reformation.
=650  \0$aReal property$zEngland$zLondon$vMaps.
=651  \0$aWestminster (London, England)$vMaps.
=651  \0$aLondon (England)$vMaps.
=655  \7$aMaps.$2fast$0(OCoLC)fst01423704
=700  1\$aCrace, Frederick,$d1779-1859,$eformer owner.
=700  1\$aCrace, John Gregory,$d1809-1889,$edonor.
=852  41$aBritish Library$bMAPS$jMaps Crace Port. 13.58
=856  41$3Copy at Maps Crace Port. 13.58$uhttp://www.bl.uk/onlinegallery/onlineex/crace/other/007000000000013u00058000.html$yDigitised map
=985  \\$aUpgraded from BL georeferencer data 2022-11-17.
=985  \\$aRecord amended for WR1606-1727
=985  \\$aUpdated by MS generated file for WR2302-017
=CAT  \\$a12842$b40$c20130215$lBLL01$h1121
=CAT  \\$aWR13.117$c20130718$lBLL01$h1855
=CAT  \\$a12842$b40$c20131009$lBLL01$h1740
=CAT  \\$aW1606-1727$c20160825$lBLL01$h1742
=CAT  \\$a14185$b40$c20221201$lBLL01$h1811
=CAT  \\$a14185$b40$c20221204$lBLL01$h1955
=CAT  \\$aW2302-0174$c20230223$lBLL01$h1959
=FIN  \\$aY$d20130215
=FMT  \\$a  MP
=LAS  \\$aW2302-0174$b00$c20230223$lBLL01$h1959

