=LDR  03015cem a2200613 a 4500
=001  016277662
=003  Uk
=005  20230223161714.0
=007  aj\aanzn
=008  130215q1810\\\\enk||||||\a\\\\\0\\\eng|\
=034  1\$aa$dW0015303$eW0015320$fN0513051$gN0513044$2bound
=040  \\$aUk$beng$cUk$dUk
=042  \\$aukblsr
=082  04$a912.42132$223
=100  1\$aMetcalf, Robert$c(Engraver),$eengraver.
=245  10$aPlan of the Citys intended improvement at Temple Bar /$cR. Metcalf sculpt., City Road.
=255  \\$aScale not given$c(W 1°53'03"--W 1°53'20"/N 51°30'51"--N 51°30'44").
=260  \\$a[London] :$bSurveyor's Office, Guildhall,$c[1810]
=300  \\$a1 map ;$c36 x 69 cm
=336  \\$acartographic image$2rdacontent
=337  \\$aunmediated$2rdamedia
=338  \\$asheet$2rdacarrier
=500  \\$aDate in imprint taken from British map engravers, L. Worms.
=500  \\$aShows proposed improvements including widening of the streets with properties numbered for reference. Includes explanatory note at upper left.
=510  4\$aCrace, John Gregory, A catalogue of maps, plans and views of London, Westminster and Southwark collected and arranged by Frederick Crace (1878),$cno. 59, p. 95
=510  4\$aWorms, Laurence, Baynton-Williams, Ashley. British map engravers: a dictionary of engravers, lithographers and their principal employers,$bto 1850,$cpp. 445-446
=520  \\$aThe church of St Mary le Strand is shown. Buildings outlined in red and numbered are those to be purchased and then destroyed to widen the roads and ease traffic. The renovation was completed in 1878.
=650  \0$aCity planning$zEngland$zLondon$vMaps.
=651  \0$aWestminster (London, England)$vMaps.
=651  \0$aLondon (England)$vMaps.
=655  \7$aMaps.$2fast$0(OCoLC)fst01423704
=700  1\$aCrace, Frederick,$d1779-1859,$eformer owner.
=700  1\$aCrace, John Gregory,$d1809-1889,$edonor.
=852  41$aBritish Library$bMAPS$jMaps Crace Port. 13.59
=856  41$3Copy at Maps Crace Port. 13.59$uhttp://www.bl.uk/onlinegallery/onlineex/crace/p/007000000000013u00059000.html$yDigitised map
=985  \\$aUpgraded from BL georeferencer data 2022-11-17.
=985  \\$aRecord amended for WR# 13/070
=985  \\$aRecord amended for WR1606-1727
=985  \\$aUpdated by MS generated file for WR2302-017
=CAT  \\$a12842$b40$c20130215$lBLL01$h1239
=CAT  \\$a12842$b40$c20130215$lBLL01$h1242
=CAT  \\$aWR13_070$b00$c20130504$lBLL01$h0341
=CAT  \\$aWR13_070C$c20130611$lBLL01$h1859
=CAT  \\$a12842$b40$c20130703$lBLL01$h1451
=CAT  \\$aWR13.117$c20130718$lBLL01$h1855
=CAT  \\$a5100$b40$c20130919$lBLL01$h1414
=CAT  \\$a12842$b40$c20131009$lBLL01$h1741
=CAT  \\$aW1606-1727$c20160825$lBLL01$h1742
=CAT  \\$a14185$b40$c20221201$lBLL01$h1557
=CAT  \\$a14185$b40$c20221202$lBLL01$h1502
=CAT  \\$aW2302-0174$c20230223$lBLL01$h1959
=FIN  \\$aY$d20130215
=FMT  \\$a  MP
=LAS  \\$aW2302-0174$b00$c20230223$lBLL01$h1959

