=LDR  02538cem a2200553 a 4500
=001  016277759
=003  Uk
=005  20230223161714.0
=007  aj\aanzn
=008  130215q1802\\\\xx\||||||\a\\\\\0\\\eng|\
=034  1\$aa$dW0015307$eW0015315$fN0513049$gN0513045$2bound
=040  \\$aUk$beng$cUk$dUk
=042  \\$aukblsr
=082  04$a912.42132$223
=245  00$a[Plan of the improvement in the Strand near Temple Bar, showing the houses disposed of by lottery].
=255  \\$aScale not given$c(W 1°53'07"--W 1°53'15"/N 51°30'49"--N 51°30'45").
=260  \\$c[1802]
=300  \\$a1 map ;$c26 x 44 cm
=336  \\$acartographic image$2rdacontent
=337  \\$aunmediated$2rdamedia
=338  \\$asheet$2rdacarrier
=500  \\$aTitle and date in imprint taken from A catalogue of maps, plans and views of London, Westminster and Southwark collected and arranged by Frederick Crace.
=500  \\$aShows area around St Clement Danes church; properties coloured and numbered for reference.
=510  4\$aCrace, John Gregory, A catalogue of maps, plans and views of London, Westminster and Southwark collected and arranged by Frederick Crace (1878),$cno. 61, p. 95
=520  \\$aPlan showing the area around St Clement's Church after the improvements in the Strand.
=650  \0$aCity planning$zEngland$zLondon$vMaps.
=651  \0$aWestminster (London, England)$vMaps.
=651  \0$aLondon (England)$vMaps.
=655  \7$aMaps.$2fast$0(OCoLC)fst01423704
=700  1\$aCrace, Frederick,$d1779-1859,$eformer owner.
=700  1\$aCrace, John Gregory,$d1809-1889,$edonor.
=852  41$aBritish Library$bMAPS$jMaps Crace Port. 13.61
=856  41$3Copy at Maps Crace Port. 13.61$uhttp://www.bl.uk/onlinegallery/onlineex/crace/other/007000000000013u00061000.html$yDigitised map
=985  \\$aUpgraded from BL georeferencer data 2022-11-17.
=985  \\$aRecord amended for WR1606-1727
=985  \\$aUpdated by MS generated file for WR2302-017
=CAT  \\$a12842$b40$c20130215$lBLL01$h1406
=CAT  \\$a12842$b40$c20130215$lBLL01$h1417
=CAT  \\$aWR13.117$c20130718$lBLL01$h1855
=CAT  \\$a12842$b40$c20131009$lBLL01$h1746
=CAT  \\$a12842$b40$c20131010$lBLL01$h1622
=CAT  \\$aW1606-1727$c20160825$lBLL01$h1742
=CAT  \\$a12842$b40$c20220726$lBLL01$h2121
=CAT  \\$a14185$b40$c20221201$lBLL01$h1811
=CAT  \\$a14185$b40$c20221204$lBLL01$h1956
=CAT  \\$aW2302-0174$c20230223$lBLL01$h1959
=FIN  \\$aY$d20130215
=FMT  \\$a  MP
=LAS  \\$aW2302-0174$b00$c20230223$lBLL01$h1959

