=LDR  02611cem a2200541 a 4500
=001  016277760
=003  Uk
=005  20230223161714.0
=007  aj\canzn
=008  130215q1826\\\\enk||||||\a\\\\\0\\\eng|\
=034  0\$aa
=040  \\$aUk$beng$cUk$dUk
=042  \\$aukblsr
=082  04$a912.42132$223
=100  1\$aMartin, Robert,$d1798?-1858,$elithographer.
=245  10$aPlan of sundry leasehold estate to be sold by auction by Mr. Farebrother, at Garraway's Coffee House, Cornhill, on Tuesday 19th January, 1826, shewing the several lots /$csurveyed by T. Gregory, 5 Clements Inn.
=255  \\$aScale not given.
=260  \\$a[London] :$bR. Martin Lithographic Printer, 124 High Holborn,$c1826.
=300  \\$a1 plan :$bcol. ;$c29 x 46 cm
=336  \\$acartographic image$2rdacontent
=337  \\$aunmediated$2rdamedia
=338  \\$avolume$2rdacarrier
=500  \\$aShows properties on Wellington Street and Savoy Hill including Sotheby's first premises; coloured and labelled for reference with leaseholders' names given.
=510  4\$aCrace, John Gregory, A catalogue of maps, plans and views of London, Westminster and Southwark collected and arranged by Frederick Crace (1878),$cno. 62, p. 95
=510  4\$aFrench, Josephine. Tooley's dictionary of mapmakers E-J (2001),$cp. 214
=510  4\$aWorms, Laurence, Baynton-Williams, Ashley. British map engravers: a dictionary of engravers, lithographers and their principal employers,$bto 1850,$cpp. 439-440
=650  \0$aReal property$zEngland$zLondon$vMaps.
=650  \0$aAuctions$zEngland$zLondon$vMaps.
=651  \0$aWestminster (London, England)$vMaps.
=651  \0$aLondon (England)$vMaps.
=655  \7$aMaps.$2fast$0(OCoLC)fst01423704
=700  1\$aCrace, Frederick,$d1779-1859,$eformer owner.
=700  1\$aCrace, John Gregory,$d1809-1889,$edonor.
=700  1\$aGregory, T.,$esurveyor.
=852  41$aBritish Library$bMAPS$jMaps Crace Port. 13.62
=856  41$3Copy at Maps Crace Port. 13.62$uhttp://www.bl.uk/onlinegallery/onlineex/crace/p/007000000000013u00062000.html$yDigitised map
=985  \\$aRecord amended for WR1606-1727
=985  \\$aUpdated by MS generated file for WR2302-017
=CAT  \\$a12842$b40$c20130215$lBLL01$h1407
=CAT  \\$a12842$b40$c20130215$lBLL01$h1532
=CAT  \\$a12842$b40$c20130703$lBLL01$h1447
=CAT  \\$aWR13.117$c20130718$lBLL01$h1855
=CAT  \\$a12842$b40$c20131009$lBLL01$h1748
=CAT  \\$aW1606-1727$c20160825$lBLL01$h1742
=CAT  \\$aW2302-0174$c20230223$lBLL01$h1959
=FIN  \\$aY$d20130215
=FMT  \\$a  MP
=LAS  \\$aW2302-0174$b00$c20230223$lBLL01$h1959

