=LDR  03356cem a2200613 a 4500
=001  016277762
=003  Uk
=005  20230223161714.0
=007  aj\canzn
=008  130215q1815\\\\enk||||||\a\\\\\0\\\eng|\
=034  1\$aa$b1220$dW0015257$eW0015310$fN0513027$gN0513021$2bound
=040  \\$aUk$beng$cUk$dUk
=042  \\$aukblsr
=082  04$a912.42132$223
=100  1\$aBarlow, John$c(Engraver),$eengraver.
=245  10$aPlan of the ground adjoining the Surry abutment of the Strand Bridge /$cBarlow sculp., Blackfriars Road.
=255  \\$aScale approximately 1:1,220$c(W 1°52'57"--W 1°53'10"/N 51°30'27"--N 51°30'21").
=260  \\$a[London,$c1815]
=300  \\$a1 map :$bcol. ;$c26 x 20 cm
=336  \\$acartographic image$2rdacontent
=337  \\$aunmediated$2rdamedia
=338  \\$asheet$2rdacarrier
=500  \\$aDate taken from A catalogue of maps, plans and views of London, Westminster and Southwark collected and arranged by Frederick Crace.
=500  \\$aShows proposed improvements, including new road on the approach to the Strand Bridge. Coloured and numbered for reference with explanation note at upper left.
=510  4\$aCrace, John Gregory, A catalogue of maps, plans and views of London, Westminster and Southwark collected and arranged by Frederick Crace (1878),$cno. 63, p. 95
=520  \\$aThis plan shows the intended line of the new road leading to the Surrey side of the Strand Bridge. The area coloured brown was eventually taken from the soap factory to make way for the bridge. The bridge was only known as the Strand Bridge in its infancy. An Act of Parliament changed its name to Waterloo Bridge in 1816 and it was opened by the Prince Regent on 18 June 1817, the second anniversary of the Battle of Waterloo. In 1923 the piers of the bridge settled to an alarming degree, making it necessary to replace the bridge with its present structure.
=650  \0$aBridges$zEngland$zLondon$vMaps.
=650  \0$aCity planning$zEngland$zLondon$vMaps.
=650  \0$aReal property$zEngland$zLondon$vMaps.
=651  \0$aWestminster (London, England)$vMaps.
=655  \7$aMaps.$2fast$0(OCoLC)fst01423704
=700  1\$aCrace, Frederick,$d1779-1859,$eformer owner.
=700  1\$aCrace, John Gregory,$d1809-1889,$edonor.
=852  41$aBritish Library$bMAPS$jMaps Crace Port. 13.63
=856  41$3Copy at Maps Crace Port. 13.63$uhttp://www.bl.uk/onlinegallery/onlineex/crace/p/007000000000013u00063000.html$yDigitised map
=985  \\$aUpgraded from BL georeferencer data 2022-11-17.
=985  \\$aRecord amended for WR# 13/070
=985  \\$aRecord amended for WR1606-1727
=985  \\$aUpdated by MS generated file for WR2302-017
=CAT  \\$a12842$b40$c20130215$lBLL01$h1408
=CAT  \\$a12842$b40$c20130215$lBLL01$h1601
=CAT  \\$aWR13_070$b00$c20130504$lBLL01$h0341
=CAT  \\$aWR13_070C$c20130611$lBLL01$h1859
=CAT  \\$a12842$b40$c20130702$lBLL01$h1749
=CAT  \\$aWR13.117$c20130718$lBLL01$h1855
=CAT  \\$a5100$b40$c20130926$lBLL01$h1117
=CAT  \\$a12842$b40$c20131009$lBLL01$h1749
=CAT  \\$aW1606-1727$c20160825$lBLL01$h1742
=CAT  \\$a14185$b40$c20221201$lBLL01$h1811
=CAT  \\$a14185$b40$c20221204$lBLL01$h1957
=CAT  \\$aW2302-0174$c20230223$lBLL01$h1959
=FIN  \\$aY$d20130215
=FMT  \\$a  MP
=LAS  \\$aW2302-0174$b00$c20230223$lBLL01$h1959

