=LDR  02286cem a2200517 a 4500
=001  016277766
=003  Uk
=005  20230223161714.0
=007  aj\aanzn
=008  130215q1830\\\\xx\||||||\a\\\\\0\\\eng|\
=034  0\$aa
=040  \\$aUk$beng$cUk$dUk
=042  \\$aukblsr
=082  04$a912.42132$223
=245  00$aPrincipal front of Kings College. London.
=255  \\$aScale not given.
=260  \\$c[ca. 1830]
=300  \\$a3 plans on 1 sheet ;$csheet 41 x 32 cm
=336  \\$acartographic image$2rdacontent
=337  \\$aunmediated$2rdamedia
=338  \\$asheet$2rdacarrier
=500  \\$aIncluded in the Crace Collection but not listed in the Catalogue of maps, plans and views of London, Westminster and Southwark collected and arranged by Frederick Crace, published in 1878.
=500  \\$aSupplies detailed plans of the basement and the ground and first floors with elevation of the of King's College. Numbered for reference with a key on margins. MS. annotations in pencil.
=500  \\$aBuilding of King's College on the Strand was designed by Sir Robert Smirke and opened in 1831.
=600  10$aSmirke, Robert,$d1780-1867,$earchitect.
=650  \0$aPublic buildings$zEngland$zLondon$vDesigns and plans.
=650  \0$aArchitecture$zEngland$zLondon$vDesigns and plans.
=651  \0$aWestminster (London, England)$vMaps.
=651  \0$aLondon (England)$vMaps.
=655  \7$aMaps.$2fast$0(OCoLC)fst01423704
=700  1\$aCrace, Frederick,$d1779-1859,$eformer owner.
=700  1\$aCrace, John Gregory,$d1809-1889,$edonor.
=852  41$aBritish Library$bMAPS$jMaps Crace Port. 13.64
=856  41$3Copy at Maps Crace Port. 13.64$uhttp://www.bl.uk/onlinegallery/onlineex/crace/p/007000000000013u00064000.html$yDigitised map
=985  \\$aRecord amended for WR1606-1727
=985  \\$aUpdated by MS generated file for WR2302-017
=CAT  \\$a12842$b40$c20130215$lBLL01$h1411
=CAT  \\$a12842$b40$c20130215$lBLL01$h1655
=CAT  \\$a12842$b40$c20130215$lBLL01$h1657
=CAT  \\$aWR13.117$c20130718$lBLL01$h1855
=CAT  \\$a12842$b40$c20131009$lBLL01$h1752
=CAT  \\$aW1606-1727$c20160825$lBLL01$h1742
=CAT  \\$aW2302-0174$c20230223$lBLL01$h1959
=FIN  \\$aY$d20130215
=FMT  \\$a  MP
=LAS  \\$aW2302-0174$b00$c20230223$lBLL01$h1959

