=LDR  02799cem a2200577 a 4500
=001  016277773
=003  Uk
=005  20230223161714.0
=007  aj\canzn
=008  130215s1842\\\\enk||||||\a\\\\\0\\\eng|\
=034  1\$aa$b1090$dW0014729$eW0015029$fN0513213$gN0513022$2bound
=040  \\$aUk$beng$cUk$dUk
=042  \\$aukblsr
=082  04$a912.42132$223
=100  1\$aLucas, George Oakley,$esurveyor.
=245  10$aPlan of the parish of Paddington in the county of Middlesex /$csurveyed by George Oakley Lucas.
=255  \\$aScale approximately 1:1,090$c(W 1°47'29"--W 1°50'29"/N 51°32'13"--N 51°30'22").
=260  \\$c1842.
=300  \\$a1 map :$bcol. ;$c110 x 95 cm
=336  \\$acartographic image$2rdacontent
=337  \\$aunmediated$2rdamedia
=338  \\$asheet$2rdacarrier
=500  \\$aLots and individual properties numbered for reference. Shows Grand Junction and Regent's Canal Great Western Railway Terminal.
=510  4\$aCrace, John Gregory, A catalogue of maps, plans and views of London, Westminster and Southwark collected and arranged by Frederick Crace (1878),$cno. 2, p. 96
=510  4\$aScott, Valerie. Tooley's dictionary of mapmakers K-P (2003),$cp. 163
=520  \\$aPlan of the Parish of Paddington with title, imprint and compass rose at top right and scale bar at bottom right. The plan features the Grand Junction and Regents Canals and the Great Western Railway Terminal, with all properties and plots of land numbered for reference.
=650  \0$aReal property$zEngland$zLondon$vMaps.
=650  \0$aParishes$zEngland$zLondon$vMaps.
=651  \0$aWestminster (London, England)$vMaps.
=651  \0$aPaddington (London, England : Parish)$vMaps.
=651  \0$aLondon (England)$vMaps.
=655  \7$aMaps.$2fast$0(OCoLC)fst01423704
=700  1\$aCrace, Frederick,$d1779-1859,$eformer owner.
=700  1\$aCrace, John Gregory,$d1809-1889,$edonor.
=852  41$aBritish Library$bMAPS$jMaps Crace Port. 14.2
=856  41$3Copy at Maps Crace Port. 14.2$uhttp://www.bl.uk/onlinegallery/onlineex/crace/p/007000000000014u00002000.html$yDigitised map
=985  \\$aUpgraded from BL georeferencer data 2022-11-17.
=985  \\$aRecord amended for WR1606-1727
=985  \\$aUpdated by MS generated file for WR2302-017
=CAT  \\$a12842$b40$c20130215$lBLL01$h1417
=CAT  \\$a12842$b40$c20130216$lBLL01$h1453
=CAT  \\$a12842$b40$c20130216$lBLL01$h1516
=CAT  \\$aWR13.117$c20130718$lBLL01$h1855
=CAT  \\$a12842$b40$c20131009$lBLL01$h1757
=CAT  \\$aW1606-1727$c20160825$lBLL01$h1742
=CAT  \\$a14185$b40$c20221201$lBLL01$h1812
=CAT  \\$a14185$b40$c20221204$lBLL01$h1957
=CAT  \\$aW2302-0174$c20230223$lBLL01$h1959
=FIN  \\$aY$d20130215
=FMT  \\$a  MP
=LAS  \\$aW2302-0174$b00$c20230223$lBLL01$h1959

