=LDR  03210cem a2200577 a 4500
=001  016277997
=003  Uk
=005  20230223161714.0
=007  aj\canzn
=008  130216q1824\\\\enk||||||\a\\\\\0\\\eng|\
=034  1\$aa$b9900$dW0014722$eW0015033$fN0513213$gN0513013$2bound
=040  \\$aUk$beng$cUk$dUk
=042  \\$aukblsr
=082  04$a912.42132$223
=100  1\$aButler, J.,$cJunior,$esurveyor.
=245  10$aPlan of the parish of Paddington, in the county of Middlesex :$bsurveyed in 1824 /$cby J. Butler Junr., 7 Paddington Green.
=255  \\$aScale approximately 1:9,900$c(W 1°47'22"--W 1°50'33"/N 51°32'13"--N 51°30'13").
=260  \\$c1824.
=300  \\$a1 map :$bhand col. ;$c42 x 27 cm
=336  \\$acartographic image$2rdacontent
=337  \\$aunmediated$2rdamedia
=338  \\$asheet$2rdacarrier
=500  \\$aAccompanied by two panels with MS. notes copied from an original document dated 28th Jan. 1825.
=500  \\$aWith additions in hand including proposed new roads, apparently copied from a plan submitted by the surveyor Samuel Pepys Cockerell to the Commissioners of Sewers.
=510  4\$aCrace, John Gregory, A catalogue of maps, plans and views of London, Westminster and Southwark collected and arranged by Frederick Crace (1878),$cno. 4, p. 96
=520  \\$aThe title, imprint and compass rose of this plan appear at top right with scale bars at the foot of the plate. It is accompanied by handwritten note with key to land acquired by the Grand Junction Canal Company from the Bishop of London(depicted in red) with the proposed new roads into the Bishop's estate. These roads are represented by a brown double-dotted line and were added by the surveyor Ralph Samuel Cockrell. With Cockrell's additions, this plan was presented to the Commissioners of Sewers for consultation on the best way to lay out a sewage and draining system in the area.
=650  \0$aReal property$zEngland$zLondon$vMaps.
=650  \0$aParishes$zEngland$zLondon$vMaps.
=651  \0$aWestminster (London, England)$vMaps.
=651  \0$aPaddington (London, England : Parish)$vMaps.
=651  \0$aLondon (England)$vMaps.
=655  \7$aMaps.$2fast$0(OCoLC)fst01423704
=700  1\$aCrace, Frederick,$d1779-1859,$eformer owner.
=700  1\$aCrace, John Gregory,$d1809-1889,$edonor.
=852  41$aBritish Library$bMAPS$jMaps Crace Port. 14.4
=856  41$3Copy at Maps Crace Port. 14.4$uhttp://www.bl.uk/onlinegallery/onlineex/crace/p/007zzz000000014u00004000.html$yDigitised map
=985  \\$aUpgraded from BL georeferencer data 2022-11-17.
=985  \\$aRecord amended for WR1606-1727
=985  \\$aUpdated by MS generated file for WR2302-017
=CAT  \\$a12842$b40$c20130216$lBLL01$h1623
=CAT  \\$a12842$b40$c20130216$lBLL01$h1624
=CAT  \\$a12842$b40$c20130702$lBLL01$h1803
=CAT  \\$aWR13.117$c20130718$lBLL01$h1855
=CAT  \\$a12842$b40$c20131009$lBLL01$h1800
=CAT  \\$aW1606-1727$c20160825$lBLL01$h1742
=CAT  \\$a14185$b40$c20221201$lBLL01$h1812
=CAT  \\$a14185$b40$c20221204$lBLL01$h1958
=CAT  \\$aW2302-0174$c20230223$lBLL01$h1959
=FIN  \\$aY$d20130215
=FMT  \\$a  MP
=LAS  \\$aW2302-0174$b00$c20230223$lBLL01$h1959

