=LDR  03377cem a2200601 a 4500
=001  016277999
=003  Uk
=005  20230223161714.0
=007  aj\aanzn
=008  130216s1828\\\\enk||||||\a\\\\\0\\\eng|\
=034  1\$aa$b9500$dW0014723$eW0015038$fN0513217$gN0513008$2bound
=040  \\$aUk$beng$cUk$dUk
=042  \\$aukblsr
=082  04$a912.42132$223
=100  1\$aGutch, George,$d1790-1874,$esurveyor.
=245  10$aPlan of the parish of Paddington in the county of Middlesex /$cby George Gutch ; engraved by Sidy. Hall, Bury Strt. Bloomsby.
=255  \\$aScale approximately 1:9,500$c(W 1°47'23"--W 1°50'38"/N 51°32'17"--N 51°30'08").
=260  \\$c1828.
=300  \\$a1 map :$bcol. ;$c43 x 27 cm
=336  \\$acartographic image$2rdacontent
=337  \\$aunmediated$2rdamedia
=338  \\$asheet$2rdacarrier
=500  \\$aThe development of Paddington began at the end of the Napoleonic wars, when the Bishop of London granted permission for building on his estate north of Hyde Park. Under Gutch's supervision, works continued into the 1850s, extending to Bayswater and the Edgware and Harrow Roads. The title of this plan appears at top left, with compass rose at top right and scale bar at bottom left. Also at bottom left is a key to the land acquired by the Grand Junction Canal Company from the Bishop of London. This the area in red on the plan, which also shows the final proposals for the new street plan at Bayswater.
=500  \\$aThe land acquired by the Grand Junction Canal Company from the Bishop of London coloured red.
=500  \\$aMS. annotation at bottom centre.
=510  4\$aCrace, John Gregory, A catalogue of maps, plans and views of London, Westminster and Southwark collected and arranged by Frederick Crace (1878),$cno. 6, p. 97
=510  4\$aFrench, Josephine. Tooley's dictionary of mapmakers E-J (2001),$cp. 234
=510  4\$aWorms, Laurence, Baynton-Williams, Ashley. British map engravers: a dictionary of engravers, lithographers and their principal employers,$bto 1850,$cpp. 291-292
=610  20$aCompany of Proprietors of the Grand Junction Canal$vMaps.
=650  \0$aReal property$zEngland$zLondon$vMaps.
=650  \0$aParishes$zEngland$zLondon$vMaps.
=651  \0$aWestminster (London, England)$vMaps.
=651  \0$aPaddington (London, England : Parish)$vMaps.
=651  \0$aLondon (England)$vMaps.
=655  \7$aMaps.$2fast$0(OCoLC)fst01423704
=700  1\$aCrace, Frederick,$d1779-1859,$eformer owner.
=700  1\$aCrace, John Gregory,$d1809-1889,$edonor.
=700  1\$aHall, Sidney,$eengraver.
=852  41$aBritish Library$bMAPS$jMaps Crace Port. 14.6
=856  41$3Copy at Maps Crace Port. 14.6$uhttp://www.bl.uk/onlinegallery/onlineex/crace/p/007zzz000000014u00006000.html$yDigitised map
=985  \\$aUpgraded from georeferencer data 2022-12-16.
=985  \\$aRecord amended for WR1606-1727
=985  \\$aUpdated by MS generated file for WR2302-017
=CAT  \\$a12842$b40$c20130216$lBLL01$h1647
=CAT  \\$aWR13.117$c20130718$lBLL01$h1855
=CAT  \\$a12842$b40$c20131009$lBLL01$h1803
=CAT  \\$aW1606-1727$c20160825$lBLL01$h1742
=CAT  \\$a14185$b40$c20221218$lBLL01$h1853
=CAT  \\$a14185$b40$c20221219$lBLL01$h0933
=CAT  \\$aW2302-0174$c20230223$lBLL01$h1959
=FIN  \\$aY$d20130215
=FMT  \\$a  MP
=LAS  \\$aW2302-0174$b00$c20230223$lBLL01$h1959

