=LDR  03267cem a2200589 a 4500
=001  016278001
=003  Uk
=005  20230223161715.0
=007  aj\canzn
=008  130216s1838\\\\enk||||||\a\\\\\0\\\eng|\
=034  1\$aa$b2440$dW0014858$eW0015029$fN0513113$gN0513035$2bound
=040  \\$aUk$beng$cUk$dUk
=042  \\$aukblsr
=082  04$a912.42132$223
=100  1\$aGutch, George,$d1790-1874,$esurveyor.
=245  10$aPaddington Estate. :$bDesign for letting ground on building leases, opposite to Hyde Park /$cby George Gutch ; engraved by Sidy. Hall, Bury Strt. Bloomsby.
=255  \\$aScale approximately 1:2,440$c(W 1°48'58"--W 1°50'29"/N 51°31'13"--N 51°30'35").
=260  \\$c1838.
=300  \\$a1 map :$bcol. ;$c46 x 66 cm
=336  \\$acartographic image$2rdacontent
=337  \\$aunmediated$2rdamedia
=338  \\$asheet$2rdacarrier
=500  \\$aColoured for reference.
=510  4\$aCrace, John Gregory, A catalogue of maps, plans and views of London, Westminster and Southwark collected and arranged by Frederick Crace (1878),$cno. 8, p. 97
=510  4\$aFrench, Josephine. Tooley's dictionary of mapmakers E-J (2001),$cp. 234
=510  4\$aWorms, Laurence, Baynton-Williams, Ashley. British map engravers: a dictionary of engravers, lithographers and their principal employers,$bto 1850,$cpp. 291-292
=520  \\$aThe development of Paddington began at the end of the Napoleonic wars, when the Bishop of London granted permission for building on his estate north of Hyde Park. Under Gutch's supervision, works continued into the 1850s, extending to Bayswater and the Edgware and Harrow Roads. The plan shows the new letting ground on the Bishop of London's estate in pink without shading, along with the reservoirs of the Grand Junction Canal Company and the ground plot of the Great Western Railway terminus. The title of this plan appears at top right, with compass rose at top left and scale bar at the foot of the plate.
=650  \0$aReal property$zEngland$zLondon$vMaps.
=650  \0$aCity planning$zEngland$zLondon$vMaps.
=651  \0$aWestminster (London, England)$vMaps.
=651  \0$aPaddington (London, England)$vMaps.
=651  \0$aLondon (England)$vMaps.
=655  \7$aMaps.$2fast$0(OCoLC)fst01423704
=700  1\$aCrace, Frederick,$d1779-1859,$eformer owner.
=700  1\$aCrace, John Gregory,$d1809-1889,$edonor.
=700  1\$aHall, Sidney,$eengraver.
=852  41$aBritish Library$bMAPS$jMaps Crace Port. 14.8
=856  41$3Copy at Maps Crace Port. 14.8$uhttp://www.bl.uk/onlinegallery/onlineex/crace/p/007zzz000000014u00008000.html$yDigitised map
=985  \\$aUpgraded from BL georeferencer data 2022-11-17.
=985  \\$aRecord amended for WR1606-1727
=985  \\$aUpdated by MS generated file for WR2302-017
=CAT  \\$a12842$b40$c20130216$lBLL01$h1706
=CAT  \\$a12842$b40$c20130216$lBLL01$h1707
=CAT  \\$aWR13.117$c20130718$lBLL01$h1855
=CAT  \\$a12842$b40$c20131009$lBLL01$h1808
=CAT  \\$aW1606-1727$c20160825$lBLL01$h1742
=CAT  \\$a14185$b40$c20221201$lBLL01$h1813
=CAT  \\$a14185$b40$c20221204$lBLL01$h1959
=CAT  \\$aW2302-0174$c20230223$lBLL01$h1959
=FIN  \\$aY$d20130215
=FMT  \\$a  MP
=LAS  \\$aW2302-0174$b00$c20230223$lBLL01$h1959

