=LDR  02703cem a2200541 a 4500
=001  016282781
=003  Uk
=005  20230223161717.0
=007  aj\canzn
=008  130223q1798\\\\enk||||||\a\\\\\0\\\eng|\
=034  1\$aa$b4700$dW0014811$eW0015002$fN0513128$gN0513051$2bound
=040  \\$aUk$beng$cUk$dUk
=042  \\$aukblsr
=082  04$a912.42132$223
=245  00$aOriginal plan of the termination of the Grand Junction Canal at Paddington :$bas agreed with the Bishop of London and confirmed by Act of Parliament to the Company.
=255  \\$aScale approximately 1:4,700$c(W 1°48'11"--W 1°50'02"/N 51°31'28"--N 51°30'51").
=260  \\$c[1798]
=300  \\$a1 map :$bcol. ;$c27 x 41 cm
=336  \\$acartographic image$2rdacontent
=337  \\$aunmediated$2rdamedia
=338  \\$asheet$2rdacarrier
=500  \\$aLand outlined in colour for reference with explanation at bottom right. Property of the Bishop of London is outlined in red; property of Mr Crompton is outlined in yellow.
=500  \\$aDate taken from A catalogue of maps, plans and views of London, Westminster and Southwark collected and arranged by Frederick Crace, 1878.
=510  4\$aCrace, John Gregory, A catalogue of maps, plans and views of London, Westminster and Southwark collected and arranged by Frederick Crace (1878),$cno. 10, p. 97
=610  20$aCompany of Proprietors of the Grand Junction Canal$vMaps.
=650  \0$aReal property$zEngland$zLondon$vMaps$vEarly works to 1800.
=651  \0$aPaddington (London, England)$vMaps$vEarly works to 1800.
=651  \0$aWestminster (London, England)$vMaps$vEarly works to 1800.
=651  \0$aLondon (England)$vMaps$vEarly works to 1800.
=655  \7$aEarly maps.$2fast$0(OCoLC)fst01752681
=700  1\$aCrace, Frederick,$d1779-1859,$eformer owner.
=700  1\$aCrace, John Gregory,$d1809-1889,$edonor.
=852  41$aBritish Library$bMAPS$jMaps Crace Port. 14.10
=856  41$3Copy at Maps Crace Port. 14.10$uhttp://www.bl.uk/onlinegallery/onlineex/crace/o/007zzz000000014u00010000.html$yDigitised map
=985  \\$aUpgraded from georeferencer data 2022-12-16.
=985  \\$aRecord amended for WR1606-1727
=985  \\$aUpdated by MS generated file for WR2302-017
=CAT  \\$a12842$b40$c20130223$lBLL01$h1249
=CAT  \\$a12842$b40$c20130223$lBLL01$h1250
=CAT  \\$aWR13.117$c20130718$lBLL01$h1855
=CAT  \\$a12842$b40$c20131009$lBLL01$h1812
=CAT  \\$aW1606-1727$c20160825$lBLL01$h1742
=CAT  \\$a14185$b40$c20221218$lBLL01$h1853
=CAT  \\$a14185$b40$c20221219$lBLL01$h0931
=CAT  \\$aW2302-0174$c20230223$lBLL01$h1959
=FIN  \\$aY$d20130223
=FMT  \\$a  MP
=LAS  \\$aW2302-0174$b00$c20230223$lBLL01$h1959

