=LDR  02949cem a2200529 a 4500
=001  016282782
=003  Uk
=005  20230223161717.0
=007  aj\canzn
=008  130223q1799\\\\enk||||||\a\\\\\0\\\eng|\
=034  1\$aa$b4800$dW0014817$eW0015035$fN0513137$gN0513038$2bound
=040  \\$aUk$beng$cUk$dUk
=042  \\$aukblsr
=082  04$a912.42132$223
=245  00$aImproved plan of the termination of the Grand Junction Canal at Paddington :$bwith intended new streets on the estates of Bishop of London and Mr. Crompton.
=255  \\$aScale approximately 1:4,800$c(W 1°48'17"--W 1°50'35"/N 51°31'37"--N 51°30'38").
=260  \\$c[1798]
=300  \\$a1 map :$bcol. ;$c28 x 52 cm
=336  \\$acartographic image$2rdacontent
=337  \\$aunmediated$2rdamedia
=338  \\$asheet$2rdacarrier
=500  \\$aDate taken from A catalogue of maps, plans and views of London, Westminster and Southwark collected and arranged by Frederick Crace, 1878.
=500  \\$aShows intended improvements including new wharfs with enclosed resevours. Coloured and lettered for reference with explanation at lower right.
=510  4\$aCrace, John Gregory, A catalogue of maps, plans and views of London, Westminster and Southwark collected and arranged by Frederick Crace (1878),$cno. 11, p. 97
=520  \\$aThe old course of the canal is indicated in blue. The improvements to the canal included: three new wharfs with enclosed reservoirs, at 'A'; a service reservoir, at 'B'; the enlargement of the canal by Arrow Road to allow barges to dock, at 'C'; and a new basin for leisure boats, at 'D'. Also noted are three-and-a-half acres of land claimed by a Mr White, indicated by the letter 'E'.
=650  \0$aReal property$zEngland$zLondon$vMaps$vEarly works to 1800.
=651  \0$aPaddington (London, England)$vMaps$vEarly works to 1800.
=651  \0$aWestminster (London, England)$vMaps$vEarly works to 1800.
=651  \0$aLondon (England)$vMaps$vEarly works to 1800.
=655  \7$aEarly maps.$2fast$0(OCoLC)fst01752681
=700  1\$aCrace, Frederick,$d1779-1859,$eformer owner.
=700  1\$aCrace, John Gregory,$d1809-1889,$edonor.
=852  41$aBritish Library$bMAPS$jMaps Crace Port. 14.11
=856  41$3Copy at Maps Crace Port. 14.11$uhttp://www.bl.uk/onlinegallery/onlineex/crace/i/007zzz000000014u00011000.html$yDigitised map
=985  \\$aUpgraded from BL georeferencer data 2022-11-17.
=985  \\$aRecord amended for WR1606-1727
=985  \\$aUpdated by MS generated file for WR2302-017
=CAT  \\$a12842$b40$c20130223$lBLL01$h1301
=CAT  \\$aWR13.117$c20130718$lBLL01$h1855
=CAT  \\$a12842$b40$c20131009$lBLL01$h1813
=CAT  \\$aW1606-1727$c20160825$lBLL01$h1742
=CAT  \\$a14185$b40$c20221201$lBLL01$h1813
=CAT  \\$a14185$b40$c20221204$lBLL01$h2000
=CAT  \\$aW2302-0174$c20230223$lBLL01$h1959
=FIN  \\$aY$d20130223
=FMT  \\$a  MP
=LAS  \\$aW2302-0174$b00$c20230223$lBLL01$h1959

