=LDR  03250cem a2200589 a 4500
=001  016282786
=003  Uk
=005  20230223161717.0
=007  aj\aanzn
=008  130223s1812\\\\enk||||||\a\\\\\0\\\eng|\
=034  1\$aa$b3168$dW0014757$eW0015008$fN0513137$gN0513037$2bound
=040  \\$aUk$beng$cUk$dUk
=042  \\$aukblsr
=082  04$a912.42132$223
=100  1\$aCary, John,$dapproximately 1754-1835,$eengraver.
=245  10$aPlan of the lands at Paddington, :$bproposed to be leased and exchanged by the Bishop of London and his Lessees and the Grand Junction Canal Company /$cJ. Cary sculp.
=255  \\$aScale approximately 1:3 168$c(W 1°47'57"--W 1°50'08"/N 51°31'37"--N 51°30'37").
=260  \\$c1812.
=300  \\$a1 map ;$c46 x 65 cm
=336  \\$acartographic image$2rdacontent
=337  \\$aunmediated$2rdamedia
=338  \\$asheet$2rdacarrier
=500  \\$aLettered for reference with explanation and table at lower right.
=510  4\$aCrace, John Gregory, A catalogue of maps, plans and views of London, Westminster and Southwark collected and arranged by Frederick Crace (1878),$cno. 12, p. 97
=510  4\$aWorms, Laurence, Baynton-Williams, Ashley. British map engravers: a dictionary of engravers, lithographers and their principal employers,$bto 1850,$cpp. 130-132
=510  4\$aFrench, Josephine. Tooley's dictionary of mapmakers A-D (1999),$cp. 239
=520  \\$aPaddington was a predominantly rural area until the end of the 18th century. The Bishop of London granted the Grand Junction Canal Company permission to extend the canal from Brentford to Paddington. The Paddington Estate Act also allowed developers to start building on the estate. The title of this plan appears at top left. A reference table at bottom right gives a key to hatching and the dimensions of lots that formed part of the lease and exchange between the bishop and the canal company.
=610  20$aCompany of Proprietors of the Grand Junction Canal$vMaps.
=650  \0$aReal property$zEngland$zLondon$vMaps.
=651  \0$aPaddington (London, England)$vMaps.
=651  \0$aWestminster (London, England)$vMaps.
=651  \0$aLondon (England)$vMaps.
=655  \7$aMaps.$2fast$0(OCoLC)fst01423704
=700  1\$aCrace, Frederick,$d1779-1859,$eformer owner.
=700  1\$aCrace, John Gregory,$d1809-1889,$edonor.
=852  41$aBritish Library$bMAPS$jMaps Crace Port. 14.12.(1.)
=856  41$3Copy at Maps Crace Port. 14.12.(1.)$uhttp://www.bl.uk/onlinegallery/onlineex/crace/p/007zzz000000014u000120b0.html$yDigitised map
=985  \\$aUpgraded from BL georeferencer data 2022-11-17.
=985  \\$aRecord amended for WR# 13/070
=985  \\$aRecord amended for WR1606-1727
=985  \\$aUpdated by MS generated file for WR2302-017
=CAT  \\$a12842$b40$c20130223$lBLL01$h1327
=CAT  \\$aWR13_070$b00$c20130504$lBLL01$h0341
=CAT  \\$aWR13.117$c20130718$lBLL01$h1855
=CAT  \\$a12842$b40$c20131009$lBLL01$h1815
=CAT  \\$aW1606-1727$c20160825$lBLL01$h1742
=CAT  \\$a14185$b40$c20221201$lBLL01$h1813
=CAT  \\$a14185$b40$c20221204$lBLL01$h2000
=CAT  \\$aW2302-0174$c20230223$lBLL01$h1959
=FIN  \\$aY$d20130223
=FMT  \\$a  MP
=LAS  \\$aW2302-0174$b00$c20230223$lBLL01$h1959

