=LDR  03182cfm a2200577 a 4500
=001  016282795
=003  Uk
=005  20230223161717.0
=007  aj\aanzn
=008  130223q1800\\\\xx\||||||\a\\\\\0\\\eng|\
=034  1\$aa$dW0014828$eW0014927$fN0513110$gN0513023$2bound
=040  \\$aUk$beng$cUk$dUk
=042  \\$aukblsr
=082  04$a912.42132$223
=245  02$aA survey of Upton Farm in the parish of Paddington in the county of Middlesex /$cby William Gardner, land surveyor.
=255  \\$aScale not given$c(W 1°48'28"--W 1°49'27"/N 51°31'10"--N 51°30'23").
=260  \\$c[ca. 1800]
=300  \\$a1 map :$bhand col. ;$c38 x 30 cm
=336  \\$acartographic image$2rdacontent
=337  \\$aunmediated$2rdamedia
=338  \\$asheet$2rdacarrier
=500  \\$aIncluded in the Crace Collection but not listed in the Catalogue of maps, plans and views of London, Westminster and Southwark collected and arranged by Frederick Crace, published in 1878.
=500  \\$aPen and ink with wash on paper.
=500  \\$aA 19th century copy of original survey produced by William Gardner in 1729.
=500  \\$aPlots labelled for reference with dimensions given.
=510  4\$aBendall, Sarah. Dictionary of land surveyors and local map-makers of Great Britain and Ireland (1997),$b1530-1850,$cno. G025, p. 193
=520  \\$aThis is a 19th-century copy of Gardner's 1729 plan of Upton Farm. The title appears at top left, with compass rose at top right and scale bar at the foot of the sheet. The plan shows field boundaries, the dimensions of each field, names of tenants and describes different kinds of land use. Paddington remained a predominantly rural area until the end of the 18th century, when the Bishop of London granted the Grand Junction Canal Company permission to extend the canal from Brentford to Paddington. The Paddington Estate Act also allowed developers to start building on the estate.
=650  \0$aReal property$zEngland$zLondon$vMaps.
=651  \0$aWestminster (London, England)$vMaps.
=651  \0$aPaddington (London, England)$vMaps.
=651  \0$aLondon (England)$vMaps.
=655  \7$aMaps.$2fast$0(OCoLC)fst01423704
=700  1\$aCrace, Frederick,$d1779-1859,$eformer owner.
=700  1\$aCrace, John Gregory,$d1809-1889,$edonor.
=700  1\$aGardner, William,$esurveyor.
=852  41$aBritish Library$bMAPS$jMaps Crace Port. 14.12.(2.)
=856  41$3Copy at Maps Crace Port. 14.12.(2.)$uhttp://www.bl.uk/onlinegallery/onlineex/crace/a/007zzz000000014u000120a0.html$yDigitised map
=985  \\$aUpgraded from BL georeferencer data 2022-11-17.
=985  \\$aRecord amended for WR1606-1727
=985  \\$aUpdated by MS generated file for WR2302-017
=CAT  \\$a12842$b40$c20130223$lBLL01$h1659
=CAT  \\$a12842$b40$c20130225$lBLL01$h1144
=CAT  \\$aWR13.117$c20130718$lBLL01$h1855
=CAT  \\$a12842$b40$c20131009$lBLL01$h1818
=CAT  \\$aW1606-1727$c20160825$lBLL01$h1742
=CAT  \\$a14185$b40$c20221201$lBLL01$h1814
=CAT  \\$a14185$b40$c20221204$lBLL01$h2001
=CAT  \\$aW2302-0174$c20230223$lBLL01$h1959
=FIN  \\$aY$d20130223
=FMT  \\$a  MP
=LAS  \\$aW2302-0174$b00$c20230223$lBLL01$h1959

