=LDR  02683cfm a2200529 a 4500
=001  016283040
=003  Uk
=005  20230223161717.0
=007  aj\aanzn
=008  130225q1858\\\\enk||||||\a\\\\\0\\\eng|\
=034  0\$aa
=040  \\$aUk$beng$cUk$dUk
=042  \\$aukblsr
=082  04$a912.42132$223
=245  04$aThe Pest House at Bays-water built by Lord Craven for the use of these parishes.
=255  \\$aScale not given.
=260  \\$c[Nov. 3, 1858]
=300  \\$a1 map :$bhand col. ;$c50 x 32 cm
=336  \\$acartographic image$2rdacontent
=337  \\$aunmediated$2rdamedia
=338  \\$asheet$2rdacarrier
=500  \\$aPen and ink with wash on paper.
=500  \\$aA 19th century copy produced from an original plan by C. Jones of 1779.
=500  \\$aDate taken from A catalogue of maps, plans and views of London, Westminster and Southwark collected and arranged by Frederick Crace, 1878.
=500  \\$aNote: 'Plan was produced by Mr. Crace in the Court of Chancery, Nov. 3, 1858, and is understood to have virtually decided the question of the ownership of the Craven Hill Property' in A catalogue of maps, plans and views of London, Westminster and Southwark collected and arranged by Frederick Crace, 1878.
=500  \\$aWith the signatures of Lord Craven, the churchwardens and overseers of the parishes of St Clement Danes', St Martin in the Fields, St Paul, Covent Garden and St James', Piccadilly.
=510  4\$aCrace, John Gregory, A catalogue of maps, plans and views of London, Westminster and Southwark collected and arranged by Frederick Crace (1878),$cno. 13, p. 98
=650  \0$aCommunicable diseases$xHospitals$xBuildings, structures, etc.
=650  \0$aReal property$zEngland$zLondon$vMaps.
=651  \0$aWestminster (London, England)$vMaps.
=651  \0$aLondon (England)$vMaps.
=655  \7$aMaps.$2fast$0(OCoLC)fst01423704
=700  1\$aCrace, Frederick,$d1779-1859,$eformer owner.
=700  1\$aCrace, John Gregory,$d1809-1889,$edonor.
=852  41$aBritish Library$bMAPS$jMaps Crace Port. 14.13
=856  41$3Copy at Maps Crace Port. 14.13$uhttp://www.bl.uk/onlinegallery/onlineex/crace/p/007zzz000000014u00013000.html$yDigitised map
=985  \\$aRecord amended for WR1606-1727
=985  \\$aUpdated by MS generated file for WR2302-017
=CAT  \\$a12842$b40$c20130225$lBLL01$h1432
=CAT  \\$a12842$b40$c20130225$lBLL01$h1519
=CAT  \\$aWR13.117$c20130718$lBLL01$h1855
=CAT  \\$a12842$b40$c20131009$lBLL01$h1825
=CAT  \\$aW1606-1727$c20160825$lBLL01$h1742
=CAT  \\$aW2302-0174$c20230223$lBLL01$h1959
=FIN  \\$aY$d20120225
=FMT  \\$a  MP
=LAS  \\$aW2302-0174$b00$c20230223$lBLL01$h1959

