=LDR  02842cem a2200589 a 4500
=001  016283193
=003  Uk
=005  20230223161717.0
=007  aj\aanzn
=008  130225s1809\\\\enk||||||\a\\\\\0\\\eng|\
=034  1\$aa$b5500$dW0014828$eW0015215$fN0513246$gN0513044$2bound
=040  \\$aUk$beng$cUk$dUk
=042  \\$aukblsr
=082  04$a912.42132$223
=100  1\$aWhite, John$c(Surveyor)
=245  10$aPlan of the parish of St Marylebone :$bwith the improvements proposed on the Marylebone Park Estate with the contiguous parts of the parish of St Pancras.
=255  \\$aScale approximately 1:5,500$c(W 1°48'28"--W 1°52'15"/N 51°32'46"--N 51°30'44").
=260  \\$c1809.
=300  \\$a1 map ;$c94 x 65 cm
=336  \\$acartographic image$2rdacontent
=337  \\$aunmediated$2rdamedia
=338  \\$asheet$2rdacarrier
=500  \\$aSurveyor's name taken from A catalogue of maps, plans and views of London, Westminster and Southwark collected and arranged by Frederick Crace, 1878.
=500  \\$aWith explanation note at lower right.
=510  4\$aCrace, John Gregory, A catalogue of maps, plans and views of London, Westminster and Southwark collected and arranged by Frederick Crace (1878),$cno. 15, p. 98
=510  4\$aScott, Valerie. Tooley's dictionary of mapmakers Q-Z (2004),$cp. 380
=520  \\$aPlan of the Parish of St. Marylebone with title at bottom left and explanatory note at bottom right describing proposals for building houses and gardens on land belonging to the Crown along the New Road.
=650  \0$aReal property$zEngland$zLondon$vMaps.
=650  \0$aParishes$zEngland$zLondon$vMaps.
=651  \0$aWestminster (London, England)$vMaps.
=651  \0$aMarylebone (London, England)$vMaps.
=651  \0$aLondon (England)$vMaps.
=655  \7$aMaps.$2fast$0(OCoLC)fst01423704
=700  1\$aCrace, Frederick,$d1779-1859,$eformer owner.
=700  1\$aCrace, John Gregory,$d1809-1889,$edonor.
=852  41$aBritish Library$bMAPS$jMaps Crace Port. 14.15
=856  41$3Copy at Maps Crace Port. 14.15$uhttp://www.bl.uk/onlinegallery/onlineex/crace/p/007000000000014u00015000.html$yDigitised map
=985  \\$aUpgraded from BL georeferencer data 2022-11-17.
=985  \\$aRecord amended for WR1606-1727
=985  \\$aUpdated by MS generated file for WR2302-017
=CAT  \\$a12842$b40$c20130225$lBLL01$h1631
=CAT  \\$a12842$b40$c20130703$lBLL01$h1518
=CAT  \\$aWR13.117$c20130718$lBLL01$h1855
=CAT  \\$a5100$b40$c20130723$lBLL01$h1604
=CAT  \\$a12842$b40$c20131009$lBLL01$h1829
=CAT  \\$aW1606-1727$c20160825$lBLL01$h1742
=CAT  \\$a14185$b40$c20221201$lBLL01$h1814
=CAT  \\$a14185$b40$c20221204$lBLL01$h2002
=CAT  \\$aW2302-0174$c20230223$lBLL01$h1959
=FIN  \\$aY$d20130225
=FMT  \\$a  MP
=LAS  \\$aW2302-0174$b00$c20230223$lBLL01$h1959

