=LDR  03696cem a2200625 a 4500
=001  016289624
=003  Uk
=005  20230223161718.0
=007  aj\canzn
=008  130228s1841\\\\enk||||||\a\\\\\0\\\eng|\
=034  1\$aa$b4800$dW0014946$eW0015136$fN0513237$gN0513121$2bound
=040  \\$aUk$beng$cUk$dUk
=042  \\$aukblsr
=082  04$a912.42142$223
=100  1\$aBasire, James,$d1796-1869,$elithographer.
=245  14$aThe Regent's Park. :$bPlan showing the further portions which it is intended to throw open to the public, and also the ground northwards of the Park recently acquired of Eton College, and Lord Southampton, respectively /$cJ. Basire lith.
=255  \\$aScale approximately 1:4,800$c(W 1°49'46"--W 1°51'36"/N 51°32'37"--N 51°31'21").
=260  \\$a[London],$c1841.
=300  \\$a1 map :$bcol. ;$c50 x 40 cm
=336  \\$acartographic image$2rdacontent
=337  \\$aunmediated$2rdamedia
=338  \\$asheet$2rdacarrier
=500  \\$aShows the grounds of the Zoological Society and Royal Botanic Society. Coloured and lettered for reference with an explanation below title and a key at lower left.
=500  \\$aPublished in the Eighteenth report Woods, Forests & Land Revenues, as an Appendix no. 19.
=500  \\$aBottom margin below plate: 169, Ordered to be printed 18th June 1841.
=510  4\$aCrace, John Gregory, A catalogue of maps, plans and views of London, Westminster and Southwark collected and arranged by Frederick Crace (1878),$cno. 33, p. 101
=510  4\$aWorms, Laurence, Baynton-Williams, Ashley. British map engravers: a dictionary of engravers, lithographers and their principal employers,$bto 1850,$cpp. 56-57
=520  \\$aThis plan was commissioned by the House of Commons and issued as a supplement to the Wood, Forests and Land Revenues report. The plan's title and imprint are at top right, with a scale bar and key at bottom right. The part of the park to be opened to the public is shown in pale yellow. The grounds of the Zoological Society and the Royal Botanic Society are shown in pink. The areas to be fenced off to protect the privacy of the local residents are shown in dark green. The land to the north of the park recently acquired by Eton College is shown in pale green, and that acquired by Lord Southampton, in pink.
=610  20$aZoological Society of London.
=650  \0$aZoos$zEngland$zLondon$vMaps.
=650  \0$aParks$zEngland$zLondon$vMaps.
=651  \0$aRegent's Park (London, England)$vMaps.
=651  \0$aLondon (England)$vMaps.
=655  \7$aMaps.$2fast$0(OCoLC)fst01423704
=700  1\$aCrace, Frederick,$d1779-1859,$eformer owner.
=700  1\$aCrace, John Gregory,$d1809-1889,$edonor.
=852  41$aBritish Library$bMAPS$jMaps Crace Port. 14.33
=856  41$3Copy at Maps Crace Port. 14.33$uhttp://www.bl.uk/onlinegallery/onlineex/crace/t/007000000000014u00033000.html$yDigitised map
=985  \\$aUpgraded from BL georeferencer data 2022-11-17.
=985  \\$aRecord amended for WR1606-1727
=985  \\$aUpdated by MS generated file for WR2302-017
=CAT  \\$a12842$b40$c20130228$lBLL01$h1425
=CAT  \\$a12842$b40$c20130228$lBLL01$h1427
=CAT  \\$a12842$b40$c20130228$lBLL01$h1435
=CAT  \\$aWR13.117$c20130718$lBLL01$h1855
=CAT  \\$a12842$b40$c20131001$lBLL01$h1339
=CAT  \\$a12842$b40$c20131001$lBLL01$h1340
=CAT  \\$a12842$b40$c20131010$lBLL01$h1041
=CAT  \\$aW1606-1727$c20160825$lBLL01$h1742
=CAT  \\$a14185$b40$c20221201$lBLL01$h1558
=CAT  \\$a14185$b40$c20221202$lBLL01$h1503
=CAT  \\$aW2302-0174$c20230223$lBLL01$h1959
=FIN  \\$aY$d20130228
=FMT  \\$a  MP
=LAS  \\$aW2302-0174$b00$c20230223$lBLL01$h1959

