=LDR  03084cem a2200553 a 4500
=001  016289689
=003  Uk
=005  20230223161718.0
=007  aj\aanzn
=008  130228q1841\\\\xx\||||||\a\\\\\0\\\eng|\
=034  1\$aa$dW0015027$eW0015055$fN0513216$gN0513203$2bound
=040  \\$aUk$beng$cUk$dUk
=042  \\$aukblsr
=082  04$a912.42142$223
=245  00$aPlan of the garden of the Zoological Society, within the area of the Regent's Park.
=255  \\$aScale not given$c(W 1°50'27"--W 1°50'55"/N 51°32'16"--N 51°32'03").
=260  \\$a[S.l.] :$b[publisher not identified],$c[1841]
=300  \\$a1 map ;$c32 x 42 cm
=336  \\$acartographic image$2rdacontent
=337  \\$aunmediated$2rdamedia
=338  \\$asheet$2rdacarrier
=500  \\$aUnsigned and undated. Date in imprint taken from A catalogue of maps, plans and views of London, Westminster and Southwark collected and arranged by Frederick Crace, 1878.
=500  \\$aShows the grounds of the London Zoo, it opened in April 1828 to fellows of the Zoological Society of London. Numbered for reference.
=510  4\$aCrace, John Gregory, A catalogue of maps, plans and views of London, Westminster and Southwark collected and arranged by Frederick Crace (1878),$cno. 34, p. 101
=520  \\$aThe title of this plan appears at lower left, along with scale bar and compass rose. The plan shows the animals' pens and enclosures numbered for reference. Opened to the public in 1828, in an area of Regent's Park laid out by Decimus Burton, London Zoo attracted 30,000 visitors in the first seven months. The collection of animals was expanded in 1830 by the arrival of the Royal Menagerie from Windsor and again in 1835 when animals from the Tower of London were transferred to the zoo, including an Indian elephant, an alligator and over a hundred rattlesnakes.
=610  20$aZoological Society of London.
=650  \0$aZoos$zEngland$zLondon$vMaps.
=650  \0$aParks$zEngland$zLondon$vMaps.
=651  \0$aRegent's Park (London, England)$vMaps.
=651  \0$aLondon (England)$vMaps.
=655  \7$aMaps.$2fast$0(OCoLC)fst01423704
=700  1\$aCrace, Frederick,$d1779-1859,$eformer owner.
=700  1\$aCrace, John Gregory,$d1809-1889,$edonor.
=852  41$aBritish Library$bMAPS$jMaps Crace Port. 14.34
=856  41$3Copy at Maps Crace Port. 14.34$uhttp://www.bl.uk/onlinegallery/onlineex/crace/p/007000000000014u00034000.html$yDigitised map
=985  \\$aUpgraded from BL georeferencer data 2022-11-17.
=985  \\$aRecord amended for WR1606-1727
=985  \\$aUpdated by MS generated file for WR2302-017
=CAT  \\$a12842$b40$c20130228$lBLL01$h1508
=CAT  \\$aWR13.117$c20130718$lBLL01$h1855
=CAT  \\$a12842$b40$c20131001$lBLL01$h1343
=CAT  \\$a12842$b40$c20131010$lBLL01$h1042
=CAT  \\$aW1606-1727$c20160825$lBLL01$h1742
=CAT  \\$a14185$b40$c20221201$lBLL01$h1815
=CAT  \\$a14185$b40$c20221204$lBLL01$h2003
=CAT  \\$aW2302-0174$c20230223$lBLL01$h1959
=FIN  \\$aY$d20130228
=FMT  \\$a  MP
=LAS  \\$aW2302-0174$b00$c20230223$lBLL01$h1959

