=LDR  02424cem a2200553 a 4500
=001  016289728
=003  Uk
=005  20230223161718.0
=007  aj\aanzn
=008  130228q1854\\\\enk||||||\a\\\\\0\\\eng|\
=034  0\$aa
=040  \\$aUk$beng$cUk$dUk
=042  \\$aukblsr
=082  04$a912.42142$223
=245  02$aA birds eye view of the Zoological Gardens, Regents Park.
=255  \\$aScale not given.
=260  \\$aLondon :$bH. G. Clarke & Co., Strand,$c[1854]
=300  \\$a1 map ;$c17 x 23 cm
=336  \\$acartographic image$2rdacontent
=337  \\$aunmediated$2rdamedia
=338  \\$asheet$2rdacarrier
=500  \\$aDate in imprint taken from A catalogue of maps, plans and views of London, Westminster and Southwark collected and arranged by Frederick Crace, 1878.
=500  \\$aShows the grounds of the London Zoo opened in April 1828 to fellows of the Zoological Society of London. Numbered for reference.
=510  4\$aCrace, John Gregory, A catalogue of maps, plans and views of London, Westminster and Southwark collected and arranged by Frederick Crace (1878),$cno. 35, p. 101
=510  4\$aFrench, Josephine. Tooley's dictionary of mapmakers A-D (1999),$cp. 271
=610  21$aLondon Zoo (London, England)
=650  \0$aZoos$zEngland$zLondon$vMaps.
=651  \0$aRegent's Park (London, England)$vMaps.
=651  \0$aLondon (England)$vMaps.
=655  \7$aMaps.$2fast$0(OCoLC)fst01423704
=700  1\$aCrace, Frederick,$d1779-1859,$eformer owner.
=700  1\$aCrace, John Gregory,$d1809-1889,$edonor.
=710  2\$aH.G. Clarke & Co.,$epublisher.
=852  41$aBritish Library$bMAPS$jMaps Crace Port. 14.35
=856  41$3Copy at Maps Crace Port. 14.35$uhttp://www.bl.uk/onlinegallery/onlineex/crace/a/007000000000014u00035000.html$yDigitised map
=985  \\$aRecord amended for WR1606-1727
=985  \\$aUpdated by MS generated file for WR2302-017
=CAT  \\$a12842$b40$c20130228$lBLL01$h1547
=CAT  \\$a12842$b40$c20130703$lBLL01$h1354
=CAT  \\$aWR13.117$c20130718$lBLL01$h1855
=CAT  \\$a5100$b40$c20130724$lBLL01$h0738
=CAT  \\$aBATCH-UPD$b40$c20130811$lBLL01$h1003
=CAT  \\$a12842$b40$c20131001$lBLL01$h1335
=CAT  \\$a12842$b40$c20131010$lBLL01$h1042
=CAT  \\$aW1606-1727$c20160825$lBLL01$h1742
=CAT  \\$aW2302-0174$c20230223$lBLL01$h1959
=FIN  \\$aY$d20130228
=FMT  \\$a  MP
=LAS  \\$aW2302-0174$b00$c20230223$lBLL01$h1959

