=LDR  03227cem a2200601 a 4500
=001  016289746
=003  Uk
=005  20230223161718.0
=007  aj\canzn
=008  130228s1855\\\\enk||||||\a\\\\\0\\\eng|\
=034  0\$aa$dW0015115$eW0015120$fN0513133$gN0513131$2bound
=040  \\$aUk$beng$cUk$erda
=042  \\$aukblsr
=082  04$a912.42132$223
=100  1\$aBasire, James,$d1796-1869,$elithographer.
=245  10$aGround plan of the Royal Colosseum, Regents Park, London :$bFor sale by auction by Mess.rs Winstanley, 1855 /$cJ. Basire litho.
=255  \\$aScale not given$c(W 1°51'15"--W 1°51'20"/N 51°31'33"--N 51°31'31").
=260  \\$c1855.
=300  \\$a1 plan :$bcolour ;$c57 x 47 cm
=336  \\$acartographic image$2rdacontent
=337  \\$aunmediated$2rdamedia
=338  \\$avolume$2rdacarrier
=500  \\$aSupplies ground plan of the Coliseum, coloured for reference with explanation below plan.
=500  \\$aThe Coliseum, domed exhibition hall in Regents Park, was built between 1823-1827 to the design of Decimus Burton. It was demolished in 1875; the site is now occupied by the Royal College of Physicians.
=510  4\$aCrace, John Gregory, A catalogue of maps, plans and views of London, Westminster and Southwark collected and arranged by Frederick Crace (1878),$cnumber 36, page 101
=510  4\$aWorms, Laurence, Baynton-Williams, Ashley. British map engravers: a dictionary of engravers, lithographers and their principal employers,$bto 1850,$cpages 56-57
=520  \\$aThis plan was produced for the 1855 sale at auction of the hall, showing the various attractions and the main gas and water supplies to the structure. The large exhibition hall was designed by Decimus Burton and featured a dome larger than that of St. Paul's Cathedral. This hall was demolished in 1875.
=600  10$aBurton, Decimus,$d1800-1881,$earchitect.
=650  \0$aArchitecture$zEngland$zLondon$vDesigns and plans.
=650  \0$aPublic buildings$zEngland$zLondon$vDesigns and plans.
=651  \0$aWestminster (London, England)$vMaps.
=651  \0$aRegent's Park (London, England)$vMaps.
=651  \0$aMarylebone (London, England)$vMaps.
=651  \0$aLondon (England)$vMaps.
=655  \7$aMaps.$2fast$0(OCoLC)fst01423704
=700  1\$aCrace, Frederick,$d1779-1859,$eformer owner.
=700  1\$aCrace, John Gregory,$d1809-1889,$edonor.
=852  41$aBritish Library$bMAPS$jMaps Crace Port. 14.36
=856  41$3Copy at Maps Crace Port. 14.36$uhttp://www.bl.uk/onlinegallery/onlineex/crace/g/007000000000014u00036000.html$yDigitised map
=985  \\$aUpgraded from BL georeferencer data 2022-11-17.
=985  \\$aRecord amended for WR1606-1727
=985  \\$aUpdated by MS generated file for WR2302-017
=CAT  \\$a12842$b40$c20130228$lBLL01$h1613
=CAT  \\$aWR13.117$c20130718$lBLL01$h1855
=CAT  \\$a12842$b40$c20131010$lBLL01$h1053
=CAT  \\$aW1606-1727$c20160825$lBLL01$h1742
=CAT  \\$a14185$b40$c20221201$lBLL01$h1815
=CAT  \\$a14185$b40$c20221204$lBLL01$h2003
=CAT  \\$a12842$b40$c20230207$lBLL01$h1611
=CAT  \\$aW2302-0174$c20230223$lBLL01$h1959
=FIN  \\$aY$d20130228
=FMT  \\$a  MP
=LAS  \\$aW2302-0174$b00$c20230223$lBLL01$h1959

