=LDR  02944cem a2200541 a 4500
=001  016290034
=003  Uk
=005  20230223161718.0
=007  aj\aanzn
=008  130301s1794\\\\enk||||||\a\\\\\0\\\eng|\
=034  1\$aa$b7400$dW0014822$eW0015042$fN0513248$gN0513109$2bound
=040  \\$aUk$beng$cUk$dUk
=042  \\$aukblsr
=082  04$a912.42132$223
=110  2\$aSpurrier and Phipps.
=245  12$aA plan for the improvement of a freehold estate, call'd St Iohn's Wood, situated in the parishes of Marylebone & Hampstead, propos'd by Spurrier & Phipps.
=255  \\$aScale approximately 1:7,400$c(W 1°48'22"--W 1°50'42"/N 51°32'48"--N 51°31'09").
=260  \\$c1794.
=300  \\$a1 map ;$c46 x 28 cm
=336  \\$acartographic image$2rdacontent
=337  \\$aunmediated$2rdamedia
=338  \\$asheet$2rdacarrier
=500  \\$aShows proposed housing development to the north-west end of Regent's Park. Includes panel with dimensions at lower right.
=500  \\$aSt John's Wood was developed in the early 19th century and was one of the first London districts to be developed with a large amount of low density 'villa' housing.
=510  4\$aCrace, John Gregory, A catalogue of maps, plans and views of London, Westminster and Southwark collected and arranged by Frederick Crace (1878),$cno. 37, p. 101
=520  \\$aThe title of this plan of proposed residential developments at St. John's Wood, appears in a tablet at bottom left. A key to the dimensions of lots appears in a tablet at bottom right, with scale noted at the foot of the plate. The revolutionary layout of the estate included a grand circus (never built) surrounded by semi-detached properties.
=650  \0$aCity planning$zEngland$zLondon$vMaps$vEarly works to 1800.
=651  \0$aWestminster (London, England)$vMaps$vEarly works to 1800.
=651  \0$aSt. John's Wood (London, England)$vMaps$vEarly works to 1800.
=651  \0$aLondon (England)$vMaps$vEarly works to 1800.
=655  \7$aEarly maps.$2fast$0(OCoLC)fst01752681
=700  1\$aCrace, Frederick,$d1779-1859,$eformer owner.
=700  1\$aCrace, John Gregory,$d1809-1889,$edonor.
=852  41$aBritish Library$bMAPS$jMaps Crace Port. 14.37
=856  41$3Copy at Maps Crace Port. 14.37$uhttp://www.bl.uk/onlinegallery/onlineex/crace/a/007000000000014u00037000.html$yDigitised map
=985  \\$aUpgraded from BL georeferencer data 2022-11-17.
=985  \\$aRecord amended for WR1606-1727
=985  \\$aUpdated by MS generated file for WR2302-017
=CAT  \\$a12842$b40$c20130301$lBLL01$h1148
=CAT  \\$aWR13.117$c20130718$lBLL01$h1855
=CAT  \\$a12842$b40$c20131010$lBLL01$h1107
=CAT  \\$aW1606-1727$c20160825$lBLL01$h1742
=CAT  \\$a14185$b40$c20221201$lBLL01$h1815
=CAT  \\$a14185$b40$c20221204$lBLL01$h2004
=CAT  \\$aW2302-0174$c20230223$lBLL01$h1959
=FIN  \\$aY$d20130301
=FMT  \\$a  MP
=LAS  \\$aW2302-0174$b00$c20230223$lBLL01$h1959

