=LDR  02844cem a2200565 a 4500
=001  016290180
=003  Uk
=005  20230223161719.0
=007  aj\aanzn
=008  130301q1812\\\\xx\||||||\a\\\\\0\\\eng|\
=034  1\$aa$b2500$dW0014912$eW0015020$fN0513202$gN0513123$2bound
=040  \\$aUk$beng$cUk$dUk
=042  \\$aukblsr
=082  04$a912.42132$223
=245  00$aPlan of part of the Saint John's Wood estate St Mary le bone, the property of Lieut. Coll. Eyre.
=255  \\$aScale approximately 1:2,500$c(W 1°49'12"--W 1°50'20"/N 51°32'02"--N 51°31'23").
=260  \\$c[ca. 1812]
=300  \\$a1 map ;$c32 x 45 cm
=336  \\$acartographic image$2rdacontent
=337  \\$aunmediated$2rdamedia
=338  \\$asheet$2rdacarrier
=500  \\$aShows proposed housing development to St John's Wood estate including Lord's new cricket ground; labelled for reference.
=500  \\$aSt John's Wood was developed in the early 19th century and was one of the first London districts to be developed with a large amount of low density 'villa' housing. From 1802 onwards John Shaw directed development on the Eyre estate.
=510  4\$aCrace, John Gregory, A catalogue of maps, plans and views of London, Westminster and Southwark collected and arranged by Frederick Crace (1878),$cno. 38, p. 101
=520  \\$aPlan of part of the Eyre Estate in St. John's Wood with title and compass rose at top left and scale bar at the foot of the plate, showing the proposed site for the new cricket ground at Lords.
=600  14$aShaw, John,$d1776-1832,$earchitect.
=650  \0$aCity planning$zEngland$zLondon$vMaps.
=650  \0$aReal property$zEngland$zLondon$vMaps.
=651  \0$aWestminster (London, England)$vMaps.
=651  \0$aSt. John's Wood (London, England)$vMaps.
=655  \7$aMaps.$2fast$0(OCoLC)fst01423704
=700  1\$aCrace, Frederick,$d1779-1859,$eformer owner.
=700  1\$aCrace, John Gregory,$d1809-1889,$edonor.
=852  41$aBritish Library$bMAPS$jMaps Crace Port. 14.38
=856  41$3Copy at Maps Crace Port. 14.38$uhttp://www.bl.uk/onlinegallery/onlineex/crace/p/007000000000014u00038000.html$yDigitised map
=985  \\$aUpgraded from BL georeferencer data 2022-11-17.
=985  \\$aRecord amended for WR1606-1727
=985  \\$aUpdated by MS generated file for WR2302-017
=CAT  \\$a12842$b40$c20130301$lBLL01$h1309
=CAT  \\$a12842$b40$c20130703$lBLL01$h1515
=CAT  \\$aWR13.117$c20130718$lBLL01$h1855
=CAT  \\$a5100$b40$c20130723$lBLL01$h1251
=CAT  \\$a12842$b40$c20131010$lBLL01$h1108
=CAT  \\$aW1606-1727$c20160825$lBLL01$h1742
=CAT  \\$a14185$b40$c20221201$lBLL01$h1816
=CAT  \\$a14185$b40$c20221204$lBLL01$h2005
=CAT  \\$aW2302-0174$c20230223$lBLL01$h1959
=FIN  \\$aY$d20130301
=FMT  \\$a  MP
=LAS  \\$aW2302-0174$b00$c20230223$lBLL01$h1959

