=LDR  04040cem a2200637 a 4500
=001  016290246
=003  Uk
=005  20230223161719.0
=007  aj\aanzn
=008  130301q1824\\\\enk||||||\a\\\\\0\\\eng|\
=034  1\$aa$b32000$dW0014514$eW0015416$fN0513658$gN0513050$2bound
=040  \\$aUk$beng$cUk$dUk
=042  \\$aukblsr
=082  04$a912.4214$223
=100  1\$aPhillips, Henry,$d1795-1851,$esurveyor.
=245  10$aPlan of a proposed turnpike road from St John's Chapel, St Marylebone into the Great North Road. :$bNear the 8 mile stone at Finchley, in the county of Middlesex, with a branch from Macclesfield Bridge on the north side of the Regent's Park /$cdesigned and surveyed by Henry Phillips.
=255  \\$aScale approximately 1:32,000$c(W 1°45'14"--W 1°54'16"/N 51°36'58"--N 51°30'50").
=260  \\$a[London] :$bR. Cartwright, Lithographic Printer, 2 Warwick Pl., Bedford Row,$c[1824]
=300  \\$a1 map :$bcol. ;$c53 x 42 cm
=336  \\$acartographic image$2rdacontent
=337  \\$aunmediated$2rdamedia
=338  \\$asheet$2rdacarrier
=500  \\$aDate taken from A catalogue of maps, plans and views of London, Westminster and Southwark collected and arranged by Frederick Crace, 1878.
=500  \\$aFinchley New Road was built as a turnpike road in the late 1820s to provide a by-pass to the existing route north from London through Hampstead.
=500  \\$aContains a reference table with comparative distances by the old and proposed roads, left centre. Below plan sections of the road in elevation: Section of the present road from Tottenham Court Road to Golder's Green; and Section of the proposed Marylebone and Finchley Road.
=510  4\$aCrace, John Gregory, A catalogue of maps, plans and views of London, Westminster and Southwark collected and arranged by Frederick Crace (1878),$cno. 39, p. 101
=510  4\$aBendall, Sarah. Dictionary of land surveyors and local map-makers of Great Britain and Ireland (1997),$b1530-1850,$cno. P195, p. 405
=510  4\$aWorms, Laurence, Baynton-Williams, Ashley. British map engravers: a dictionary of engravers, lithographers and their principal employers,$bto 1850,$cp. 127-128
=520  \\$aPlan of the proposed turnpike road from Regent's Park to Finchley, today's Finchley Road. The plan features title at top right, scale bars at lower right and sections of the road in elevation at the foot of the plate, with the new road represented by a double dotted line coloured red. Down the left of the plate a table gives distances between stations along the road and shows the savings in mileage generated by the new road.
=650  \0$aCity planning$zEngland$zLondon$vMaps.
=650  \0$aToll roads$zEngland$zLondon$vMaps.
=651  \0$aFinchley (London, England)$vMaps.
=651  \0$aWestminster (London, England)$vMaps.
=651  \0$aLondon (England)$vMaps.
=655  \7$aMaps.$2fast$0(OCoLC)fst01423704
=700  1\$aCrace, Frederick,$d1779-1859,$eformer owner.
=700  1\$aCrace, John Gregory,$d1809-1889,$edonor.
=700  1\$aCartwright, R.$q(Richard),$d-1865,$eprinter.
=852  41$aBritish Library$bMAPS$jMaps Crace Port. 14.39
=856  41$3Copy at Maps Crace Port. 14.39$uhttp://www.bl.uk/onlinegallery/onlineex/crace/p/007000000000014u00039000.html$yDigitised map
=985  \\$aUpgraded from BL georeferencer data 2022-11-17.
=985  \\$aRecord amended for WR# 13/070
=985  \\$aRecord amended for WR1606-1727
=985  \\$aUpdated by MS generated file for WR2302-017
=CAT  \\$a12842$b40$c20130301$lBLL01$h1423
=CAT  \\$aWR13_070$b00$c20130504$lBLL01$h0341
=CAT  \\$aWR13_070C$c20130611$lBLL01$h1859
=CAT  \\$aWR13.117$c20130718$lBLL01$h1855
=CAT  \\$a12842$b40$c20131010$lBLL01$h1111
=CAT  \\$aW1606-1727$c20160825$lBLL01$h1742
=CAT  \\$a14185$b40$c20221201$lBLL01$h1558
=CAT  \\$a14185$b40$c20221202$lBLL01$h1504
=CAT  \\$aW2302-0174$c20230223$lBLL01$h1959
=FIN  \\$aY$d20130301
=FMT  \\$a  MP
=LAS  \\$aW2302-0174$b00$c20230223$lBLL01$h1959

