=LDR  02993cem a2200625 i 4500
=001  016290336
=003  Uk
=005  20230223161719.0
=007  aj\aanzn
=008  130301s1756\\\\enk||||||\a\\\\\0\\\eng|\
=034  1\$aa$b11000$dW0001016$eW0000619$fN0513200$gN0513106
=040  \\$aUk$beng$cUk$dUk$erda
=042  \\$aukblsr
=082  04$a912.42132$223
=082  04$a912.42142$223
=082  04$a912.42143$223
=100  1\$aCole, Benjamin,$d1697?-1783,$eengraver.
=245  12$aA Plan of the intended New ROAD, from PADINGTON to ISLINGTON /$cB. Cole sculp.
=255  \\$aScale approximately 1:11,000$c(W 0°10'16"--W 0°06'19"/N 51°32'00"--N 51°31'06").
=264  \1$a[London] :$b[publisher not identified],$c1756.
=300  \\$a1 map ;$c15 x 47 cm
=336  \\$acartographic image$2rdacontent
=337  \\$aunmediated$2rdamedia
=338  \\$asheet$2rdacarrier
=500  \\$aShows properties lining the proposed new road; lettered for reference with a key at lower left.
=500  \\$aPublished in the Gentelman's Magazine as a Supplement after December 1755 issue. Upper left: Engrav'd for the Gents: Magazine, Jan: 1756.
=500  \\$aAnother copy at Maps Crace Port. 17.64.
=510  4\$aCrace, John Gregory, A catalogue of maps, plans and views of London, Westminster and Southwark collected and arranged by Frederick Crace (1878),$cno. 41, p. 102
=510  4\$aJolly, David C. Maps in British periodicals. Part 1, Major monthlies,$bbefore 1800,$cGENT-95, p. 58
=650  \0$aRoads$zEngland$zLondon$vMaps$vEarly works to 1800.
=650  \0$aCity planning$zEngland$zLondon$vMaps$vEarly works to 1800.
=651  \0$aWestminster (London, England)$vMaps$vEarly works to 1800.
=651  \0$aCamden (London, England)$vMaps$vEarly works to 1800.
=651  \0$aPaddington (London, England)$vMaps$vEarly works to 1800.
=651  \0$aIslington (London, England)$vMaps$vEarly works to 1800.
=651  \0$aLondon (England)$vMaps$vEarly works to 1800.
=655  \7$aEarly maps.$2fast$0(OCoLC)fst01752681
=700  1\$aCrace, Frederick,$d1779-1859,$eformer owner.
=700  1\$aCrace, John Gregory,$d1809-1889,$edonor.
=852  41$aBritish Library$bMAPS$jMaps Crace Port. 14.41.(1.)
=856  41$3Copy at Maps Crace Port. 14.41.(1.)$uhttp://www.bl.uk/onlinegallery/onlineex/crace/a/007000000000014u000410a0.html$yDigitised map
=985  \\$aRecord amended for WR1606-1727
=985  \\$aUpdated by MS generated file for WR2302-017
=CAT  \\$a12842$b40$c20130301$lBLL01$h1657
=CAT  \\$a12842$b40$c20130301$lBLL01$h1703
=CAT  \\$a12842$b40$c20130606$lBLL01$h1458
=CAT  \\$a12842$b40$c20130606$lBLL01$h1507
=CAT  \\$a12842$b40$c20130617$lBLL01$h1037
=CAT  \\$aWR13.117$c20130718$lBLL01$h1855
=CAT  \\$a12842$b40$c20131010$lBLL01$h1132
=CAT  \\$aW1606-1727$c20160825$lBLL01$h1742
=CAT  \\$aW2302-0174$c20230223$lBLL01$h1959
=FIN  \\$aY$d20130301
=FMT  \\$a  MP
=LAS  \\$aW2302-0174$b00$c20230223$lBLL01$h1959

