=LDR  02305cem a2200505 a 4500
=001  016290342
=003  Uk
=005  20230223161719.0
=007  aj\aanzn
=008  130301s1756\\\\enk||||||\a\\\\\0\\\eng|\
=034  1\$aa$b10000
=040  \\$aUk$beng$cUk$dUk
=042  \\$aukblsr
=082  04$a912.42143$223
=245  02$aA plan of the New Road from Padington to Islington.
=255  \\$aScale [ca. 1:15,000].
=260  \\$a[London],$c1756.
=300  \\$a1 map ;$c12 x 20 cm
=336  \\$acartographic image$2rdacontent
=337  \\$aunmediated$2rdamedia
=338  \\$asheet$2rdacarrier
=500  \\$aIncluded in the Crace Collection but not listed in the Catalogue of maps, plans and views of London, Westminster and Southwark collected and arranged by Frederick Crace, published in 1878.
=500  \\$aProposed new road indicated by pecked line; shows the estates with names of landowners' reported; includes an explanation note at lower left.
=500  \\$aPublished in the London Magazine in August 1756.
=510  4\$aJolly, David C. Maps in British periodicals. Part 1, Major monthlies,$bbefore 1800,$cLOND-108, p. 109
=650  \0$aRoads$zEngland$zLondon$vMaps$vEarly works to 1800.
=650  \0$aCity planning$zEngland$zLondon$vMaps$vEarly works to 1800.
=651  \0$aWestminster (London, England)$vMaps$vEarly works to 1800.
=651  \0$aIslington (London, England)$vMaps$vEarly works to 1800.
=651  \0$aLondon (England)$vMaps$vEarly works to 1800.
=655  \7$aEarly maps.$2fast$0(OCoLC)fst01752681
=700  1\$aCrace, Frederick,$d1779-1859,$eformer owner.
=700  1\$aCrace, John Gregory,$d1809-1889,$edonor.
=852  41$aBritish Library$bMAPS$jMaps Crace Port. 14.41.(2.)
=856  41$3Copy at Maps Crace Port. 14.41.(2.)$uhttp://www.bl.uk/onlinegallery/onlineex/crace/a/007000000000014u000410b0.html$yDigitised map
=985  \\$aRecord amended for WR1606-1727
=985  \\$aUpdated by MS generated file for WR2302-017
=CAT  \\$a12842$b40$c20130301$lBLL01$h1713
=CAT  \\$aWR13.117$c20130718$lBLL01$h1855
=CAT  \\$a12842$b40$c20131010$lBLL01$h1134
=CAT  \\$aW1606-1727$c20160825$lBLL01$h1742
=CAT  \\$aW2302-0174$c20230223$lBLL01$h1959
=FIN  \\$aY$d20130301
=FMT  \\$a  MP
=LAS  \\$aW2302-0174$b00$c20230223$lBLL01$h1959

