=LDR  03000cem a2200541 a 4500
=001  016290347
=003  Uk
=005  20230223161719.0
=007  aj\aanzn
=008  130301q1760\\\\enk||||||\a\\\\\0\\\eng|\
=034  1\$aa$dW0015330$eW0015452$fN0513159$gN0513121$2bound
=040  \\$aUk$beng$cUk$dUk
=042  \\$aukblsr
=082  04$a912.42143$223
=245  02$aA plan of the roads and streets, from Islington to Dog House Bar, delineated to shew a New Road intended to cross the fields from Islington to the said Dog House Bar.
=255  \\$aScale not given$c(W 1°53'30"--W 1°54'52"/N 51°31'59"--N 51°31'21").
=260  \\$a[London,$c1760]
=300  \\$a1 map ;$c10 x 17 cm
=336  \\$acartographic image$2rdacontent
=337  \\$aunmediated$2rdamedia
=338  \\$asheet$2rdacarrier
=500  \\$aIncluded in the Crace Collection but not listed in the Catalogue of maps, plans and views of London, Westminster and Southwark collected and arranged by Frederick Crace, published in 1878.
=500  \\$aProposed new road indicated by pecked line; labelled and lettered for reference.
=500  \\$aPublished in the London Magazine in December 1760.
=510  4\$aJolly, David C. Maps in British periodicals. Part 1, Major monthlies,$bbefore 1800,$cLOND-195, p. 122
=520  \\$aThis small plan was published in the London Magazine in 1760. The title appears at bottom left, with scale bars at bottom right and compass star at top right. The intended extension from Angel to Old Street is indicated by a double dotted line, with St. Luke's Church represented pictorially. Built by the Duke of Grafton in 1756 to drive cattle east to Smithfield Market, avoiding Holborn and Oxford Street, this was the capital's first bypass.
=650  \0$aRoads$zEngland$zLondon$vMaps$vEarly works to 1800.
=650  \0$aCity planning$zEngland$zLondon$vMaps$vEarly works to 1800.
=651  \0$aIslington (London, England)$vMaps$vEarly works to 1800.
=651  \0$aLondon (England)$vMaps$vEarly works to 1800.
=655  \7$aEarly maps.$2fast$0(OCoLC)fst01752681
=700  1\$aCrace, Frederick,$d1779-1859,$eformer owner.
=700  1\$aCrace, John Gregory,$d1809-1889,$edonor.
=852  41$aBritish Library$bMAPS$jMaps Crace Port. 14.41.(3.)
=856  41$3Copy at Maps Crace Port. 14.41.(3.)$uhttp://www.bl.uk/onlinegallery/onlineex/crace/a/007000000000014u000410c0.html$yDigitised map
=985  \\$aUpgraded from BL georeferencer data 2022-11-17.
=985  \\$aRecord amended for WR1606-1727
=985  \\$aUpdated by MS generated file for WR2302-017
=CAT  \\$a12842$b40$c20130301$lBLL01$h1728
=CAT  \\$aWR13.117$c20130718$lBLL01$h1855
=CAT  \\$a12842$b40$c20131010$lBLL01$h1136
=CAT  \\$aW1606-1727$c20160825$lBLL01$h1742
=CAT  \\$a14185$b40$c20221201$lBLL01$h1559
=CAT  \\$a14185$b40$c20221202$lBLL01$h1504
=CAT  \\$aW2302-0174$c20230223$lBLL01$h1959
=FIN  \\$aY$d20130301
=FMT  \\$a  MP
=LAS  \\$aW2302-0174$b00$c20230223$lBLL01$h1959

