=LDR  03574cfm a2200613 a 4500
=001  016292495
=003  Uk
=005  20230223161719.0
=007  aj\canzn
=008  130302q1850\\\\xx\||||||\a\\\\\0\\\eng|\
=034  1\$aa$dW0014834$eW0015127$fN0513245$gN0513101$2bound
=040  \\$aUk$beng$cUk$dUk
=042  \\$aukblsr
=082  04$a912.42132$223
=245  00$aPlan of the several freehold estates situate on the north side of the New Road within the parish of Saint Mary-le-bone and parts of Hamstead and Saint Pancras in the county of Middlesex /$cby John Jones, 1799.
=255  \\$aScale not given$c(W 1°48'34"--W 1°51'27"/N 51°32'45"--N 51°31'01").
=260  \\$c[1850]
=300  \\$a1 map :$bhand col. ;$c117 x 99 cm
=336  \\$acartographic image$2rdacontent
=337  \\$aunmediated$2rdamedia
=338  \\$asheet$2rdacarrier
=500  \\$aPen and ink with wash on tracing paper.
=500  \\$aA tracing of John Jones' survey of 1799 produced by Crace.
=500  \\$aDate taken from A catalogue of maps, plans and views of London, Westminster and Southwark collected and arranged by Frederick Crace, 1878.
=500  \\$aShows the estates north of the new road at Marylebone. Individual parcels outlined in colour, labelled and numbered for reference with landowners' and leaseholders' names reported. Estates with dimensions listed in a table at upper right. Includes extensive description and explanation notes at upper left and right margin.
=510  4\$aCrace, John Gregory, A catalogue of maps, plans and views of London, Westminster and Southwark collected and arranged by Frederick Crace (1878),$cno. 42, p. 102
=520  \\$aThis is Crace's own copy of an 18th-Century plan of the estates north of the New Road at Marylebone. The title and scale bar feature at bottom left, with compass at top centre, and descriptive notes at top left and down the right margin of the sheet. Outline colour marks the boundaries of estates and a single black line those of fields within the estate. The plan also reports the names of landlords and tenant occupiers, with key to the dimensions of each field and estate in a table above the plan.
=650  \0$aRoads$zEngland$zLondon$vMaps.
=650  \0$aReal property$zEngland$zLondon$vMaps.
=651  \0$aWestminster (London, England)$vMaps.
=651  \0$aRegent's Park (London, England)$vMaps.
=651  \0$aMarylebone (London, England)$vMaps.
=651  \0$aHampstead (London, England)$vMaps.
=651  \0$aSt. Pancras (London, England)$vMaps.
=651  \0$aLondon (England)$vMaps.
=655  \7$aMaps.$2fast$0(OCoLC)fst01423704
=700  1\$aCrace, Frederick,$d1779-1859,$eformer owner.
=700  1\$aCrace, John Gregory,$d1809-1889,$edonor.
=700  1\$aJones, John,$esurveyor.
=852  41$aBritish Library$bMAPS$jMaps Crace Port. 14.42
=856  41$3Copy at Maps Crace Port. 14.42$uhttp://www.bl.uk/onlinegallery/onlineex/crace/p/007000000000014u00042000.html$yDigitised map
=985  \\$aUpgraded from BL georeferencer data 2022-11-17.
=985  \\$aRecord amended for WR1606-1727
=985  \\$aUpdated by MS generated file for WR2302-017
=CAT  \\$a12842$b40$c20130302$lBLL01$h1435
=CAT  \\$aWR13.117$c20130718$lBLL01$h1855
=CAT  \\$a12842$b40$c20131010$lBLL01$h1139
=CAT  \\$aW1606-1727$c20160825$lBLL01$h1742
=CAT  \\$a14185$b40$c20221201$lBLL01$h1816
=CAT  \\$a14185$b40$c20221204$lBLL01$h2005
=CAT  \\$aW2302-0174$c20230223$lBLL01$h1959
=FIN  \\$aY$d20130302
=FMT  \\$a  MP
=LAS  \\$aW2302-0174$b00$c20230223$lBLL01$h1959

