=LDR  02616cem a2200529 a 4500
=001  016292503
=003  Uk
=005  20230223161719.0
=007  aj\aanzn
=008  130302q1781\\\\enk||||||\a\\\\\0\\\eng|\
=034  1\$aa$dW0015143$eW0015205$fN0513137$gN0513119$2bound
=040  \\$aUk$beng$cUk$dUk
=042  \\$aukblsr
=082  04$a912.42142$223
=245  00$aPlan of Carmarthen Square.
=255  \\$aScale not given$c(W 1°51'43"--W 1°52'05"/N 51°31'37"--N 51°31'19").
=260  \\$a[London] :$bprinted by Whitcomb & Ruthven, 47 Threadneedle St.,$c[1781]
=300  \\$a1 map ;$c29 x 35 cm
=336  \\$acartographic image$2rdacontent
=337  \\$aunmediated$2rdamedia
=338  \\$asheet$2rdacarrier
=500  \\$aDate taken from A catalogue of maps, plans and views of London, Westminster and Southwark collected and arranged by Frederick Crace, 1878.
=500  \\$aShows the properties and surrounding streets with the Square left blank. The Carmarthen Square was intended to be built in the north-west of Bloomsbury, at the top of Gower Street.
=510  4\$aCrace, John Gregory, A catalogue of maps, plans and views of London, Westminster and Southwark collected and arranged by Frederick Crace (1878),$cno. 50, p. 103
=520  \\$aPlan of the Carmarthen Estate in Bloomsbury with title at top left, compass at lower right and scale bar at the foot of the plate.
=650  \0$aCity planning$zEngland$zLondon$vMaps$vEarly works to 1800.
=651  \0$aBloomsbury (London, England)$vMaps$vEarly works to 1800.
=651  \0$aLondon (England)$vMaps$vEarly works to 1800.
=655  \7$aEarly maps.$2fast$0(OCoLC)fst01752681
=700  1\$aCrace, Frederick,$d1779-1859,$eformer owner.
=700  1\$aCrace, John Gregory,$d1809-1889,$edonor.
=852  41$aBritish Library$bMAPS$jMaps Crace Port. 14.50
=856  41$3Copy at Maps Crace Port. 14.50$uhttp://www.bl.uk/onlinegallery/onlineex/crace/p/007000000000014u00050000.html$yDigitised map
=985  \\$aUpgraded from BL georeferencer data 2022-11-17.
=985  \\$aRecord amended for WR1606-1727
=985  \\$aUpdated by MS generated file for WR2302-017
=CAT  \\$a12842$b40$c20130302$lBLL01$h1630
=CAT  \\$a12842$b40$c20130302$lBLL01$h1637
=CAT  \\$aWR13.117$c20130718$lBLL01$h1855
=CAT  \\$a12842$b40$c20131010$lBLL01$h1201
=CAT  \\$aW1606-1727$c20160825$lBLL01$h1742
=CAT  \\$a14185$b40$c20221201$lBLL01$h1559
=CAT  \\$a14185$b40$c20221202$lBLL01$h1505
=CAT  \\$aW2302-0174$c20230223$lBLL01$h1959
=FIN  \\$aY$d20130302
=FMT  \\$a  MP
=LAS  \\$aW2302-0174$b00$c20230223$lBLL01$h1959

