=LDR  03265cem a2200589 a 4500
=001  016292504
=003  Uk
=005  20230223161719.0
=007  aj\aanzn
=008  130302q1820\\\\enk||||||\a\\\\\0\\\eng|\
=034  1\$aa$dW0015144$eW0015235$fN0513143$gN0513110$2bound
=040  \\$aUk$beng$cUk$dUk
=042  \\$aukblsr
=082  04$a912.42142$223
=100  1\$aHullmandel, Charles Joseph,$d1789-1850,$elithographer.
=245  10$aPlan shewing intended buildings between Russel Square and the New Road /$cC. Hullmandel's Lithography.
=255  \\$aScale not given$c(W 1°51'44"--W 1°52'35"/N 51°31'43"--N 51°31'10").
=260  \\$a[London,$c1820]
=300  \\$a1 map ;$c45 x 31 cm
=336  \\$acartographic image$2rdacontent
=337  \\$aunmediated$2rdamedia
=338  \\$asheet$2rdacarrier
=500  \\$aDate taken from A catalogue of maps, plans and views of London, Westminster and Southwark collected and arranged by Frederick Crace, 1878.
=500  \\$aShows the proposed housing development in the Duke of Bedford's estate in Bloomsbury. The development now houses the University of London campus.
=510  4\$aCrace, John Gregory, A catalogue of maps, plans and views of London, Westminster and Southwark collected and arranged by Frederick Crace (1878),$cno. 51, p. 103
=510  4\$aWorms, Laurence, Baynton-Williams, Ashley. British map engravers: a dictionary of engravers, lithographers and their principal employers,$bto 1850,$cp. 334
=520  \\$aThis is a plan of the proposed housing development on the Duke of Bedford's Estate in Bloomsbury, with title and compass at top left, proposed new buildings in pink, and public squares and open spaces in green. With Covent Garden, Bloomsbury was one of the two estates of the Earls and Dukes of Bedford in London. Famous for its squares and terraced houses, developed during the 18th and early 19th centuries, the estate attracted professional and academic tenants.
=650  \0$aCity planning$zEngland$zLondon$vMaps.
=651  \0$aBloomsbury (London, England)$vMaps.
=651  \0$aLondon (England)$vMaps.
=655  \7$aMaps.$2fast$0(OCoLC)fst01423704
=700  1\$aCrace, Frederick,$d1779-1859,$eformer owner.
=700  1\$aCrace, John Gregory,$d1809-1889,$edonor.
=852  41$aBritish Library$bMAPS$jMaps Crace Port. 14.51
=856  41$3Copy at Maps Crace Port. 14.51$uhttp://www.bl.uk/onlinegallery/onlineex/crace/p/007000000000014u00051000.html$yDigitised map
=985  \\$aUpgraded from BL georeferencer data 2022-11-17.
=985  \\$aRecord amended for WR1606-1727
=985  \\$aUpdated by MS generated file for WR2302-017
=CAT  \\$a12842$b40$c20130302$lBLL01$h1645
=CAT  \\$a12842$b40$c20130302$lBLL01$h1646
=CAT  \\$a12842$b40$c20130302$lBLL01$h1700
=CAT  \\$aWR13.117$c20130718$lBLL01$h1855
=CAT  \\$a12842$b40$c20131010$lBLL01$h1202
=CAT  \\$aBATCH-UPD$b40$c20160224$lBLL01$h1707
=CAT  \\$aBATCH-UPD$b40$c20160527$lBLL01$h2027
=CAT  \\$aW1606-1727$c20160825$lBLL01$h1742
=CAT  \\$a14185$b40$c20221201$lBLL01$h1559
=CAT  \\$a14185$b40$c20221202$lBLL01$h1506
=CAT  \\$aW2302-0174$c20230223$lBLL01$h1959
=FIN  \\$aY$d20130302
=FMT  \\$a  MP
=LAS  \\$aW2302-0174$b00$c20230223$lBLL01$h1959

