=LDR  03256cem a2200589 a 4500
=001  016292505
=003  Uk
=005  20230223161719.0
=007  aj\aanzn
=008  130302s1840\\\\enk||||||\a\\\\\0\\\eng|\
=034  1\$aa$dW0015028$eW0015131$fN0513310$gN0513233$2bound
=040  \\$aUk$beng$cUk$dUk
=042  \\$aukblsr
=082  04$a912.42142$223
=100  10$aMadeley, George Edward,$elithographer.
=245  10$aPlan of the Haverstock Hill and Kentish Town estate, being a portion of the freehold ground rents of the Lord Southampton :$bwhich will be sold by Mr. Geo. Robins at the Auction Mart., London, on Monday, the 10th of August 1840 in lots. First day's sale /$cMadeley litho., 3 Wellington Street, Strand.
=255  \\$aScale not given$c(W 1°50'28"--W 1°51'31"/N 51°33'10"--N 51°32'33").
=260  \\$c1840.
=300  \\$a1 map ;$c67 x 46 cm
=336  \\$acartographic image$2rdacontent
=337  \\$aunmediated$2rdamedia
=338  \\$asheet$2rdacarrier
=500  \\$aEstate divided into lots, numbered for reference with dimensions given. Shows intended new road from Hampstead to Kentish Town.
=510  4\$aCrace, John Gregory, A catalogue of maps, plans and views of London, Westminster and Southwark collected and arranged by Frederick Crace (1878),$cno. 52, p. 103
=510  4\$aScott, Valerie. Tooley's dictionary of mapmakers K-P (2003),$cp. 185
=510  4\$aWorms, Laurence, Baynton-Williams, Ashley. British map engravers: a dictionary of engravers, lithographers and their principal employers,$bto 1850,$cpp. 428-429
=520  \\$aThe development of Kentish Town as a predominantly middle-class residential suburb began in the 1840s. This plan of the Haverstock Hill and Kentish Town Estates was produced for the sale at auction of Lord Southampton's estate in 1840. The plan features title at top right, compass at top left, and scale bar at bottom left, with individual lots numbered for reference.
=650  \0$aAuctions$zEngland$zLondon$vMaps.
=650  \0$aReal property$zEngland$zLondon$vMaps.
=651  \0$aCamden (London, England)$vMaps.
=651  \0$aKentish Town (London, England)$vMaps.
=651  \0$aLondon (England)$vMaps.
=655  \7$aMaps.$2fast$0(OCoLC)fst01423704
=700  1\$aCrace, Frederick,$d1779-1859,$eformer owner.
=700  1\$aCrace, John Gregory,$d1809-1889,$edonor.
=852  41$aBritish Library$bMAPS$jMaps Crace Port. 14.52
=856  41$3Copy at Maps Crace Port. 14.52$uhttp://www.bl.uk/onlinegallery/onlineex/crace/p/007000000000014u00052000.html$yDigitised map
=985  \\$aUpgraded from BL georeferencer data 2022-11-17.
=985  \\$aRecord amended for WR1606-1727
=985  \\$aUpdated by MS generated file for WR2302-017
=CAT  \\$a12842$b40$c20130302$lBLL01$h1715
=CAT  \\$a12842$b40$c20130302$lBLL01$h1724
=CAT  \\$aWR13.117$c20130718$lBLL01$h1855
=CAT  \\$a12842$b40$c20131010$lBLL01$h1204
=CAT  \\$aBATCH-UPD$b40$c20160224$lBLL01$h1707
=CAT  \\$aW1606-1727$c20160825$lBLL01$h1742
=CAT  \\$a14185$b40$c20221201$lBLL01$h1816
=CAT  \\$a14185$b40$c20221204$lBLL01$h2006
=CAT  \\$aW2302-0174$c20230223$lBLL01$h1959
=FIN  \\$aY$d20130302
=FMT  \\$a  MP
=LAS  \\$aW2302-0174$b00$c20230223$lBLL01$h1959

