=LDR  03053cem a2200565 a 4500
=001  016292910
=003  Uk
=005  20230223161719.0
=007  aj\aanzn
=008  130302s1840\\\\enk||||||\a\\\\\0\\\eng|\
=034  1\$aa$dW0015024$eW0015130$fN0513243$gN0513206$2bound
=040  \\$aUk$beng$cUk$dUk
=042  \\$aukblsr
=082  04$a912.42142$223
=100  10$aMadeley, George Edward,$elithographer.
=245  10$aPlan of the estate in the vicinity of the Regent's Park &c, being a portion of the freehold ground - rents of the Lord Southampton :$bwhich will be sold by Mr. Geo. Robins at the Auction Mart., London, on Wednesday, August the 12th 1840 in lots. Third day's sale /$cMadeley litho., 3 Wellington Street, Strand.
=255  \\$aScale not given$c(W 1°50'24"--W 1°51'30"/N 51°32'43"--N 51°32'06").
=260  \\$c1840.
=300  \\$a1 map ;$c47 x 60 cm
=336  \\$acartographic image$2rdacontent
=337  \\$aunmediated$2rdamedia
=338  \\$asheet$2rdacarrier
=500  \\$aEstate divided into lots, numbered for reference with dimensions given.
=510  4\$aCrace, John Gregory, A catalogue of maps, plans and views of London, Westminster and Southwark collected and arranged by Frederick Crace (1878),$cno. 53, p. 103
=510  4\$aScott, Valerie. Tooley's dictionary of mapmakers K-P (2003),$cp. 185
=510  4\$aWorms, Laurence, Baynton-Williams, Ashley. British map engravers: a dictionary of engravers, lithographers and their principal employers,$bto 1850,$cpp. 428-429
=520  \\$aThe title of this plan appears at top left, with compass at bottom centre and scale bar at bottom right. Produced for the sale at auction of the estate in 1840, the plan shows lots numbered for reference, along with the nearby Regent's Canal and the land being developed by the Birmingham and London Railway Company.
=650  \0$aReal property$zEngland$zLondon$vMaps.
=650  \0$aAuctions$zEngland$zLondon$vMaps.
=651  \0$aCamden (London, England)$vMaps.
=651  \0$aLondon (England)$vMaps.
=655  \7$aMaps.$2fast$0(OCoLC)fst01423704
=700  1\$aCrace, Frederick,$d1779-1859,$eformer owner.
=700  1\$aCrace, John Gregory,$d1809-1889,$edonor.
=852  41$aBritish Library$bMAPS$jMaps Crace Port. 14.54
=856  41$3Copy at Maps Crace Port. 14.54$uhttp://www.bl.uk/onlinegallery/onlineex/crace/p/007000000000014u00054000.html$yDigitised map
=985  \\$aUpgraded from BL georeferencer data 2022-11-17.
=985  \\$aRecord amended for WR1606-1727
=985  \\$aUpdated by MS generated file for WR2302-017
=CAT  \\$a12842$b40$c20130302$lBLL01$h1738
=CAT  \\$aWR13.117$c20130718$lBLL01$h1855
=CAT  \\$a12842$b40$c20131010$lBLL01$h1207
=CAT  \\$aBATCH-UPD$b40$c20160224$lBLL01$h1707
=CAT  \\$aW1606-1727$c20160825$lBLL01$h1742
=CAT  \\$a14185$b40$c20221201$lBLL01$h1817
=CAT  \\$a14185$b40$c20221204$lBLL01$h2007
=CAT  \\$aW2302-0174$c20230223$lBLL01$h1959
=FIN  \\$aY$d20130302
=FMT  \\$a  MP
=LAS  \\$aW2302-0174$b00$c20230223$lBLL01$h1959

