=LDR  02826cfm a2200577 a 4500
=001  016297373
=003  Uk
=005  20230223161721.0
=007  aj\canzn
=008  130309q1806\\\\xx\||||||\a\\\\\0\\\eng|\
=034  1\$aa$dW0015129$eW0015139$fN0513212$gN0513203$2bound
=040  \\$aUk$beng$cUk$dUk
=042  \\$aukblsr
=082  04$a912.42142$223
=245  04$aThe Fig Lane estate.
=255  \\$aScale not given$c(W 1°51'29"--W 1°51'39"/N 51°32'12"--N 51°32'03").
=260  \\$c[1806]
=300  \\$a1 map :$bhand col. ;$c40 x 66 cm
=336  \\$acartographic image$2rdacontent
=337  \\$aunmediated$2rdamedia
=338  \\$asheet$2rdacarrier
=500  \\$aPen and ink with wash on paper.
=500  \\$aDate and surveyor's name taken from A catalogue of maps, plans and views of London, Westminster and Southwark collected and arranged by Frederick Crace, 1878.
=500  \\$aShows properties on the west side of Camden High Street. Course of sewer coloured blue; tenant's names and dimensions reported.
=510  4\$aCrace, John Gregory, A catalogue of maps, plans and views of London, Westminster and Southwark collected and arranged by Frederick Crace (1878),$cno. 55, p. 103
=510  4\$aBendall, Sarah. Dictionary of land surveyors and local map-makers of Great Britain and Ireland (1997),$b1530-1850,$cno. S015, p. 448
=520  \\$aThis plan of a Camden Town estate features title at top right and scale bar at bottom left. The plan shows the properties in the Fig Lane Estate in grey with the sewage canal running behind them in blue.
=650  \0$aReal property$zEngland$zLondon$vMaps.
=650  \0$aSewerage$zEngland$zLondon$vMaps.
=651  \0$aCamden (London, England)$vMaps.
=651  \0$aLondon (England)$vMaps.
=655  \7$aMaps.$2fast$0(OCoLC)fst01423704
=700  1\$aCrace, Frederick,$d1779-1859,$eformer owner.
=700  1\$aCrace, John Gregory,$d1809-1889,$edonor.
=700  1\$aSalway, Joseph,$d1785-1811,$esurveyor.
=852  41$aBritish Library$bMAPS$jMaps Crace Port. 14.55
=856  41$3Copy at Maps Crace Port. 14.55$uhttp://www.bl.uk/onlinegallery/onlineex/crace/t/007000000000014u00055000.html$yDigitised map
=985  \\$aUpgraded from BL georeferencer data 2022-11-17.
=985  \\$aRecord amended for WR1606-1727
=985  \\$aUpdated by MS generated file for WR2302-017
=CAT  \\$a12842$b40$c20130309$lBLL01$h1423
=CAT  \\$a12842$b40$c20130309$lBLL01$h1501
=CAT  \\$aWR13.117$c20130718$lBLL01$h1855
=CAT  \\$a12842$b40$c20131010$lBLL01$h1210
=CAT  \\$aW1606-1727$c20160825$lBLL01$h1742
=CAT  \\$a14185$b40$c20221201$lBLL01$h1817
=CAT  \\$a14185$b40$c20221204$lBLL01$h2008
=CAT  \\$aW2302-0174$c20230223$lBLL01$h1959
=FIN  \\$aY$d20130309
=FMT  \\$a  MP
=LAS  \\$aW2302-0174$b00$c20230223$lBLL01$h1959

