=LDR  02015 em a2200457 a 4500
=001  016297377
=003  Uk
=005  20130909102442.0
=007  aj\aanzn
=008  130309q1810\\\\enk||||||\a\\\\\0\\\eng|\
=034  1\$aa$b4800
=040  \\$aUk$beng$cUk$dUk
=042  \\$aukblsr
=082  04$a912.42142$223
=245  00$aPlan of the hamlet of Kentish Town and its vicinity.
=255  \\$aScale [ca. 1:4,800].
=260  \\$a[London,$c1810]
=300  \\$a1 map ;$c65 x 46 cm
=336  \\$acartographic image$2rdacontent
=337  \\$aunmediated$2rdamedia
=338  \\$asheet$2rdacarrier
=500  \\$aDate taken from A catalogue of maps, plans and views of London, Westminster and Southwark collected and arranged by Frederick Crace, 1878.
=500  \\$aColured for reference, boundaries shown by pecked line with Gloucester Palace District and Holmes Estate outlined in red and green respectively. Includes key at lower right.
=510  4\$aCrace, John Gregory, A catalogue of maps, plans and views of London, Westminster and Southwark collected and arranged by Frederick Crace (1878),$cno. 45, p. 102
=651  \0$aCamden (London, England)$vMaps.
=651  \0$aKentish Town (London, England)$vMaps.
=700  1\$aCrace, Frederick,$d1779-1859,$eformer owner.
=700  1\$aCrace, John Gregory,$d1809-1889,$edonor.
=852  41$aBritish Library$bMAPS$jMaps Crace Port. 14.45.(1.)
=856  41$3Copy at Maps Crace Port. 14.45.(1.)$uhttp://www.bl.uk/onlinegallery/onlineex/crace/p/007000000000014u000450b0.html$yDigitised map
=985  \\$aRecord amended for WR1606-1727
=CAT  \\$a12842$b40$c20130309$lBLL01$h1529
=CAT  \\$a12842$b40$c20130309$lBLL01$h1537
=CAT  \\$a12842$b40$c20130309$lBLL01$h1540
=CAT  \\$a12842$b40$c20130309$lBLL01$h1613
=CAT  \\$aWR13.117$c20130718$lBLL01$h1855
=CAT  \\$a12842$b40$c20130909$lBLL01$h1024
=CAT  \\$aW1606-1727$c20160825$lBLL01$h1742
=FIN  \\$aY$d20130309
=FMT  \\$a  MP
=LAS  \\$aW1606-1727$b00$c20160825$lBLL01$h1742

