=LDR  02464cem a2200469 a 4500
=001  016297379
=003  Uk
=005  20221202150700.0
=007  aj\aanzn
=008  130309q1810\\\\enk||||||\a\\\\\0\\\eng|\
=034  1\$aa$b4800$dW0015017$eW0015215$fN0513350$gN0513219$2bound
=040  \\$aUk$beng$cUk$dUk
=042  \\$aukblsr
=082  04$a912.42142$223
=245  00$aPlan of the hamlet of Kentish Town and its vicinity.
=255  \\$aScale approximately 1:4,800$c(W 1°50'17"--W 1°52'15"/N 51°33'50"--N 51°32'19").
=260  \\$a[London,$c1810]
=300  \\$a1 map ;$c65 x 46 cm
=336  \\$acartographic image$2rdacontent
=337  \\$aunmediated$2rdamedia
=338  \\$asheet$2rdacarrier
=500  \\$aIncluded in the Crace Collection but not listed in the Catalogue of maps, plans and views of London, Westminster and Southwark collected and arranged by Frederick Crace, published in 1878.
=500  \\$aBoundaries shown by pecked line with Gloucester Palace District and Holmes Estate outlined in colour. Includes key at lower right.
=520  \\$aThe title and compass of this plan feature at top right, with scale bar and key at bottom right. The boundaries of the Gloucester Palace District and Holmes Estate are outlined in red and green respectively. The development of Kentish Town as a predominantly middle-class residential suburb began in the 1840s and the area lost the rural charm that had, along with its many inns and public houses, made it a popular destination for day trips from London.
=651  \0$aCamden (London, England)$vMaps.
=651  \0$aKentish Town (London, England)$vMaps.
=655  \0$aEarly maps.
=700  1\$aCrace, Frederick,$d1779-1859,$eformer owner.
=700  1\$aCrace, John Gregory,$d1809-1889,$edonor.
=852  41$aBritish Library$bMAPS$jMaps Crace Port. 14.45.(2.)
=856  41$3Copy at Maps Crace Port. 14.45.(2.)$uhttp://www.bl.uk/onlinegallery/onlineex/crace/p/007000000000014u000450a0.html$yDigitised map
=985  \\$aUpgraded from BL georeferencer data 2022-11-17.
=985  \\$aRecord amended for WR1606-1727
=CAT  \\$a12842$b40$c20130309$lBLL01$h1542
=CAT  \\$aWR13.117$c20130718$lBLL01$h1855
=CAT  \\$a12842$b40$c20130909$lBLL01$h1108
=CAT  \\$aW1606-1727$c20160825$lBLL01$h1742
=CAT  \\$a14185$b40$c20221201$lBLL01$h1600
=CAT  \\$a14185$b40$c20221202$lBLL01$h1507
=FIN  \\$aY$d20130309
=FMT  \\$a  MP
=LAS  \\$a14185$b40$c20221202$lBLL01$h1507

