=LDR  03205cem a2200589 a 4500
=001  016297382
=003  Uk
=005  20230223161721.0
=007  aj\canzn
=008  130309s1820\\\\enk||||||\a\\\\\0\\\eng|\
=034  1\$aa$b1800$dW0015122$eW0015214$fN0513130$gN0513057$2bound
=040  \\$aUk$beng$cUk$dUk
=042  \\$aukblsr
=082  04$a912.42142$223
=100  1\$aFarey, William,$esurveyor.
=245  12$aA map of the south western district of Saint Pancras parish reduced for the Commissioners of the Paving, Lighting, Watching, Watering, &c. :$bfrom their large plan of the district /$cby William Farey, surveyor ; engraved by John Cleghorn.
=255  \\$aScale approximately 1:18,000$c(W 1°51'22"--W 1°52'14"/N 51°31'30"--N 51°30'57").
=260  \\$a[London] :$b[publisher not identified],$c1820.
=300  \\$a1 map :$bcol. ;$c67 x 39 cm
=336  \\$acartographic image$2rdacontent
=337  \\$aunmediated$2rdamedia
=338  \\$asheet$2rdacarrier
=500  \\$aShows the district south of Fitzroy Square; buildings and streets coloured red and yellow respectively.
=510  4\$aCrace, John Gregory, A catalogue of maps, plans and views of London, Westminster and Southwark collected and arranged by Frederick Crace (1878),$cnumber 46, page 102
=510  4\$aFrench, Josephine. Tooley's dictionary of mapmakers E-J (2001),$cpage 52
=510  4\$aWorms, Laurence, Baynton-Williams, Ashley. British map engravers: a dictionary of engravers, lithographers and their principal employers,$bto 1850,$cpage 148
=520  \\$aThe title of this plan of St. Pancras Parish appears at lower left with the publisher's imprint and scale bar. Buildings, roads, squares and open spaces are depicted in various colours. A note below the title states that the plan was reduced for the Commissioners of Paving, Lighting, Watching, Watering etc. from a large plan in their possession.
=650  \0$aParishes$zEngland$zLondon$vMaps.
=651  \0$aSt. Pancras (London, England)$vMaps.
=651  \0$aLondon (England)$vMaps.
=655  \7$aMaps.$2fast$0(OCoLC)fst01423704
=700  1\$aCrace, Frederick,$d1779-1859,$eformer owner.
=700  1\$aCrace, John Gregory,$d1809-1889,$edonor.
=700  1\$aCleghorn, John,$d1784-1873,$eengraver.
=852  41$aBritish Library$bMAPS$jMaps Crace Port. 14.46
=856  41$3Copy at Maps Crace Port. 14.46$uhttp://www.bl.uk/onlinegallery/onlineex/crace/a/007000000000014u00046000.html$yDigitised map
=985  \\$aUpgraded from BL georeferencer data 2022-11-17.
=985  \\$aRecord amended for WR1606-1727
=985  \\$aUpdated by MS generated file for WR2302-017
=CAT  \\$a12842$b40$c20130309$lBLL01$h1648
=CAT  \\$a12842$b40$c20130703$lBLL01$h1356
=CAT  \\$a12842$b40$c20130703$lBLL01$h1431
=CAT  \\$aWR13.117$c20130718$lBLL01$h1855
=CAT  \\$a5100$b40$c20130926$lBLL01$h1110
=CAT  \\$a12842$b40$c20131010$lBLL01$h1148
=CAT  \\$aW1606-1727$c20160825$lBLL01$h1742
=CAT  \\$a14185$b40$c20221201$lBLL01$h1600
=CAT  \\$a14185$b40$c20221202$lBLL01$h1507
=CAT  \\$aW2302-0174$c20230223$lBLL01$h1959
=FIN  \\$aY$d20130309
=FMT  \\$a  MP
=LAS  \\$aW2302-0174$b00$c20230223$lBLL01$h1959

