=LDR  01806 fm a2200433 a 4500
=001  016297384
=003  Uk
=005  20131010115446.0
=007  aj\aanzn
=008  130309q1750\\\\xx\||||||\a\\\\\0\\\eng|\
=034  0\$aa
=040  \\$aUk$beng$cUk$dUk
=042  \\$aukblsr
=082  04$a912.421$223
=100  1\$aStukeley, William,$d1687-1765.
=245  10$aCaesar's camp at Pancras in its primitive state /$cStukeley delin.
=255  \\$aScale not given.
=260  \\$c1 Aug. 1750.
=300  \\$a1 view ;$c17 x 27 cm
=336  \\$acartographic image$2rdacontent
=337  \\$aunmediated$2rdamedia
=338  \\$asheet$2rdacarrier
=500  \\$aInk and wash on paper with pencil annotation at bottom centre.
=500  \\$aView of Caesar's camp along the banks of the river Wells in Camden Town. An engraved version published in Itinerarium Curiosum, 1724.
=510  4\$aCrace, John Gregory, A catalogue of maps, plans and views of London, Westminster and Southwark collected and arranged by Frederick Crace (1878),$cno. 47, p. 102
=651  \0$aLondon (England)$vPictorial works$vEarly works to 1800.
=655  \7$aViews$zEngland$zLondon.$2gmgpc
=700  1\$aCrace, Frederick,$d1779-1859,$eformer owner.
=700  1\$aCrace, John Gregory,$d1809-1889,$edonor.
=852  41$aBritish Library$bMAPS$jMaps Crace Port. 14.47
=856  41$3Copy at Maps Crace Port. 14.47$uhttp://www.bl.uk/onlinegallery/onlineex/crace/c/007000000000014u00047000.html$yDigitised map
=985  \\$aRecord amended for WR1606-1727
=CAT  \\$a12842$b40$c20130309$lBLL01$h1704
=CAT  \\$aWR13.117$c20130718$lBLL01$h1855
=CAT  \\$a12842$b40$c20131010$lBLL01$h1154
=CAT  \\$aW1606-1727$c20160825$lBLL01$h1742
=FIN  \\$aY$d20130309
=FMT  \\$a  MP
=LAS  \\$aW1606-1727$b00$c20160825$lBLL01$h1742

