=LDR  02042cfm a2200481 a 4500
=001  016298196
=003  Uk
=005  20230223161721.0
=007  aj\canzn
=008  130311s1750\\\\xx\||||||\a\\\\\0\\\eng|\
=034  0\$aa
=040  \\$aUk$beng$cUk$dUk
=042  \\$aukblsr
=082  04$a912.42142$223
=100  1\$aStukeley, William,$d1687-1765.
=245  10$aCaesar's camp at Pancras called the Brill /$cStukeley desig.
=255  \\$aScale not given.
=260  \\$cDec. 1750.
=300  \\$a1 map :$bhand col. ;$c32 x 20 cm
=336  \\$acartographic image$2rdacontent
=337  \\$aunmediated$2rdamedia
=338  \\$asheet$2rdacarrier
=500  \\$aInk and wash on paper with additions pencil.
=500  \\$aPlan of Caesar's camp at St Pancras along the banks of the river Fleet. An engraved version published in Itinerarium Curiosum, 1724.
=510  4\$aCrace, John Gregory, A catalogue of maps, plans and views of London, Westminster and Southwark collected and arranged by Frederick Crace (1878),$cno. 48, p. 103
=651  \0$aCamden (London, England)$vMaps$vEarly works to 1800.
=651  \0$aSt. Pancras (London, England)$vMaps$vEarly works to 1800.
=651  \0$aLondon (England)$vMaps$vEarly works to 1800.
=655  \7$aEarly maps.$2fast$0(OCoLC)fst01752681
=700  1\$aCrace, Frederick,$d1779-1859,$eformer owner.
=700  1\$aCrace, John Gregory,$d1809-1889,$edonor.
=852  41$aBritish Library$bMAPS$jMaps Crace Port. 14.48
=856  41$3Copy at Maps Crace Port. 14.48$uhttp://www.bl.uk/onlinegallery/onlineex/crace/c/007000000000014u00048000.html$yDigitised map
=985  \\$aRecord amended for WR1606-1727
=985  \\$aUpdated by MS generated file for WR2302-017
=CAT  \\$a12842$b40$c20130311$lBLL01$h1130
=CAT  \\$aWR13.117$c20130718$lBLL01$h1855
=CAT  \\$a12842$b40$c20131010$lBLL01$h1158
=CAT  \\$aW1606-1727$c20160825$lBLL01$h1742
=CAT  \\$aW2302-0174$c20230223$lBLL01$h1959
=FIN  \\$aY$d20130311
=FMT  \\$a  MP
=LAS  \\$aW2302-0174$b00$c20230223$lBLL01$h1959

