=LDR  03295cfm a2200577 a 4500
=001  016298224
=003  Uk
=005  20230223161721.0
=007  aj\canzn
=008  130311q1763\\\\xx\||||||\a\\\\\0\\\eng|\
=034  1\$aa$b1690$dW0015220$eW0015305$fN0513140$gN0513118$2bound
=040  \\$aUk$beng$cUk$dUk
=042  \\$aukblsr
=082  04$a912.42142$223
=100  10$aNewton, William,$d1735-1790,$esurveyor.
=245  12$aA survey of the land belonging to the hospital for the maintenance & education of exposed & deserted young children /$csurveyed Pr. W. Newton, archt.
=255  \\$aScale approximately 1:1,690$c(W 1°52'20"--W 1°53'05"/N 51°31'40"--N 51°31'18").
=260  \\$c1763.
=300  \\$a1 map :$bhand col. ;$c60 x 44 cm
=336  \\$acartographic image$2rdacontent
=337  \\$aunmediated$2rdamedia
=338  \\$asheet$2rdacarrier
=500  \\$aPen and ink and wash on paper.
=500  \\$aShows the property of the Foundling Hospital in Bloomsbury. Lettered and coloured for references with a key at bottom centre; dimensions reported.
=510  4\$aCrace, John Gregory, A catalogue of maps, plans and views of London, Westminster and Southwark collected and arranged by Frederick Crace (1878),$cno. 49, p. 103
=510  4\$aBendall, Sarah. Dictionary of land surveyors and local map-makers of Great Britain and Ireland (1997),$b1530-1850,$cno. N072.6, p. 375
=520  \\$aThis is a 19th-Century copy of an original topographical drawing by Newton of the land belonging to the Foundling Hospital in Bloomsbury. The scale bars, keys to colour and fields measurements appear in a table below the plan. Thomas Coran founded the hospital in 1741, after years of philanthropic work among underprivileged children. Originally in Hatton Garden, the hospital moved in 1742 to the site on Lamb's Conduit Fields after the 6,500 purchase of 56 acres of land from the Earl of Salisbury.
=610  20$aFoundling Hospital (London, England)$xHistory$y18th century.
=650  \0$aFoundlings$zEngland$zLondon$xHistory$vMaps$y18th century.
=650  \0$aReal property$zEngland$zLondon$vMaps$vEarly works to 1800.
=651  \0$aBloomsbury (London, England)$vMaps$vEarly works to 1800.
=651  \0$aLondon (England)$vMaps$vEarly works to 1800.
=655  \7$aEarly maps.$2fast$0(OCoLC)fst01752681
=700  1\$aCrace, Frederick,$d1779-1859,$eformer owner.
=700  1\$aCrace, John Gregory,$d1809-1889,$edonor.
=852  41$aBritish Library$bMAPS$jMaps Crace Port. 14.49
=856  41$3Copy at Maps Crace Port. 14.49$uhttp://www.bl.uk/onlinegallery/onlineex/crace/a/007000000000014u00049000.html$yDigitised map
=985  \\$aUpgraded from BL georeferencer data 2022-11-17.
=985  \\$aRecord amended for WR1606-1727
=985  \\$aUpdated by MS generated file for WR2302-017
=CAT  \\$a12842$b40$c20130311$lBLL01$h1200
=CAT  \\$aWR13.117$c20130718$lBLL01$h1855
=CAT  \\$a12842$b40$c20131010$lBLL01$h1200
=CAT  \\$aBATCH-UPD$b40$c20160316$lBLL01$h1624
=CAT  \\$aW1606-1727$c20160825$lBLL01$h1742
=CAT  \\$a14185$b40$c20221201$lBLL01$h1817
=CAT  \\$a14185$b40$c20221204$lBLL01$h2008
=CAT  \\$aW2302-0174$c20230223$lBLL01$h1959
=FIN  \\$aY$d20130311
=FMT  \\$a  MP
=LAS  \\$aW2302-0174$b00$c20230223$lBLL01$h1959

