=LDR  03247cem a2200613 a 4500
=001  016298258
=003  Uk
=005  20230223161721.0
=007  aj\aanzn
=008  130311q1720\\\\enk||||||\a\\\\\0\\\eng|\
=034  1\$aa$b2800$dW0015159$eW0015312$fN0513120$gN0513042$2bound
=040  \\$aUk$beng$cUk$dUk
=042  \\$aukblsr
=082  04$a912.42142$223
=100  1\$aBlome, Richard,$d-1705.
=245  12$aA mapp of the parish of St Giles's in the Fields :$btaken from the last survey, with corrections and additions.
=255  \\$aScale approximately 1:2,800$c(W 1°51'59"--W 1°53'12"/N 51°31'20"--N 51°30'42").
=260  \\$a[London,$c1720]
=300  \\$a1 map ;$c30 x 37 cm
=336  \\$acartographic image$2rdacontent
=337  \\$aunmediated$2rdamedia
=338  \\$asheet$2rdacarrier
=500  \\$aFrom J. Strype's edition of J. Stow's Survey of the Cities of London and Westminster and borough of Southwark ..., published in 1720.
=500  \\$aTop right corner: V2, B4, P75.
=500  \\$aIn cartouche below title Blome's details, though burnished out, still partly visible.
=500  \\$aIncludes table of reference, upper right.
=500  \\$aProminent buildings shown pictorially.
=510  4\$aCrace, John Gregory, A catalogue of maps, plans and views of London, Westminster and Southwark collected and arranged by Frederick Crace (1878),$cno. 1, p. 104
=510  4\$aFrench, Josephine. Tooley's dictionary of mapmakers A-D (1999),$cp. 151
=510  4\$aWorms, Laurence, Baynton-Williams, Ashley. British map engravers: a dictionary of engravers, lithographers and their principal employers,$bto 1850,$cpp. 90-91
=520  \\$aPlan of the parish of St Giles's from the 1720 edition of Stowe's 'Survey of England'. The plan features title in banner at top left, reference table down the right side of the plate, with compass and scale bar at bottom left. The boundaries of the parish are indicated by a pecked line.
=650  \0$aParishes$zEngland$zLondon$vMaps$vEarly works to 1800.
=651  \0$aLondon (England)$vMaps$vEarly works to 1800.
=651  \0$aSt. Giles in the Fields (London, England)$vMaps$vEarly works to 1800.
=655  \7$aEarly maps.$2fast$0(OCoLC)fst01752681
=700  1\$aCrace, Frederick,$d1779-1859,$eformer owner.
=700  1\$aCrace, John Gregory,$d1809-1889,$edonor.
=852  41$aBritish Library$bMAPS$jMaps Crace Port. 15.1.(1.)
=856  41$3Copy at Maps Crace Port. 15.1.(1.)$uhttp://www.bl.uk/onlinegallery/onlineex/crace/a/007zzz000000015u000010a0.html$yDigitised map
=985  \\$aUpgraded from BL georeferencer data 2022-11-17.
=985  \\$aRecord amended for WR# 13/070
=985  \\$aRecord amended for WR1606-1727
=985  \\$aUpdated by MS generated file for WR2302-017
=CAT  \\$a12842$b40$c20130311$lBLL01$h1319
=CAT  \\$aWR13_070$b00$c20130504$lBLL01$h0341
=CAT  \\$aWR13.117$c20130718$lBLL01$h1855
=CAT  \\$a12842$b40$c20131010$lBLL01$h1212
=CAT  \\$aW1606-1727$c20160825$lBLL01$h1743
=CAT  \\$a14185$b40$c20221201$lBLL01$h1600
=CAT  \\$a14185$b40$c20221202$lBLL01$h1508
=CAT  \\$aW2302-0174$c20230223$lBLL01$h1959
=FIN  \\$aY$d20130311
=FMT  \\$a  MP
=LAS  \\$aW2302-0174$b00$c20230223$lBLL01$h1959

