=LDR  03603cem a2200661 a 4500
=001  016298329
=003  Uk
=005  20230223161721.0
=007  aj\canzn
=008  130311s1815\\\\enk||||||\a\\\\\0\\\eng|\
=034  1\$aa$b2450$dW0015150$eW0015314$fN0513139$gN0513041$2bound
=040  \\$aUk$beng$cUk$dUk
=042  \\$aukblsr
=082  04$a912.42142$223
=100  1\$aHewitt, Nathaniel Rogers,$dactive 1804-1841,$eengraver.
=245  10$aPlan of the parishes or division of St. Giles in the Fields and St. George, Bloomsbury /$cengraved by N. R. Hewitt, 10 Broad Strt. Bloomsbury.
=255  \\$aScale approximately 1:2,450$c(W 1°51'50"--W 1°53'14"/N 51°31'39"--N 51°30'41").
=260  \\$a[London],$c1815.
=300  \\$a1 map :$bcol. ;$c52 x 63 cm
=336  \\$acartographic image$2rdacontent
=337  \\$aunmediated$2rdamedia
=338  \\$asheet$2rdacarrier
=500  \\$aIncludes inset: Plan of the burial ground & chapel of St. Giles in the Fields, adjoining the church yard of St. Pancras.
=500  \\$aNathaniel Rogers Hewitt was located at 10 Broad Street, Bloomsbury in 1814. Copy of this map with Hewitt's address 1 Buckingham Place, Fitzroy Square, at Maps Crace Port. 15.3.
=500  \\$aProperties coloured for reference, boundaries indicated by pecked line.
=510  4\$aCrace, John Gregory, A catalogue of maps, plans and views of London, Westminster and Southwark collected and arranged by Frederick Crace (1878),$cno. 2, p. 104
=510  4\$aWorms, Laurence, Baynton-Williams, Ashley. British map engravers: a dictionary of engravers, lithographers and their principal employers,$bto 1850,$cpp. 316-317
=520  \\$aDifferent pastel colours describe the Parish divisions within St. Giles in the Fields and St. George's, Bloomsbury. A plan of the Burial Ground and Chapel of St. Giles in the Field, adjoining the church yard of St Pancras, is located in a separate border. Montagu House was sold in 1755 to house the British Museum. It was demolished to make way for Smirke's building in the 1840s.
=650  \0$aParishes$zEngland$zLondon$vMaps.
=651  \0$aBloomsbury (London, England)$vMaps.
=651  \0$aSt. Giles in the Fields (London, England)$vMaps.
=651  \0$aSt. Pancras (London, England)$vMaps.
=651  \0$aLondon (England)$vMaps.
=655  \7$aMaps.$2fast$0(OCoLC)fst01423704
=700  1\$aCrace, Frederick,$d1779-1859,$eformer owner.
=700  1\$aCrace, John Gregory,$d1809-1889,$edonor.
=852  41$aBritish Library$bMAPS$jMaps Crace Port. 15.2
=856  41$3Copy at Maps Crace Port. 15.2$uhttp://www.bl.uk/onlinegallery/onlineex/crace/p/007zzz000000015u00002000.html$yDigitised map
=985  \\$aUpgraded from BL georeferencer data 2022-11-17.
=985  \\$aRecord amended for WR# 13/070
=985  \\$aRecord amended for WR1606-1727
=985  \\$aUpdated by MS generated file for WR2302-017
=CAT  \\$a12842$b40$c20130311$lBLL01$h1424
=CAT  \\$a12842$b40$c20130311$lBLL01$h1528
=CAT  \\$aWR13_070$b00$c20130504$lBLL01$h0341
=CAT  \\$aWR13_070C$c20130611$lBLL01$h1859
=CAT  \\$a12842$b40$c20130703$lBLL01$h1443
=CAT  \\$aWR13.117$c20130718$lBLL01$h1855
=CAT  \\$a5100$b40$c20130919$lBLL01$h1603
=CAT  \\$a12842$b40$c20131010$lBLL01$h1216
=CAT  \\$a12842$b40$c20131010$lBLL01$h1219
=CAT  \\$aW1606-1727$c20160825$lBLL01$h1742
=CAT  \\$a14185$b40$c20221201$lBLL01$h1601
=CAT  \\$a14185$b40$c20221202$lBLL01$h1509
=CAT  \\$aW2302-0174$c20230223$lBLL01$h1959
=FIN  \\$aY$d20130311
=FMT  \\$a  MP
=LAS  \\$aW2302-0174$b00$c20230223$lBLL01$h1959

