=LDR  02714cem a2200565 a 4500
=001  016298379
=003  Uk
=005  20230223161722.0
=007  aj\aanzn
=008  130311s1815\\\\enk||||||\a\\\\\0\\\eng|\
=034  1\$aa$b2450
=040  \\$aUk$beng$cUk$dUk
=042  \\$aukblsr
=082  04$a912.42142$223
=100  1\$aHewitt, Nathaniel Rogers,$dactive 1804-1841,$eengraver.
=245  10$aPlan of the parishes or division of St. Giles in the Fields and St. George, Bloomsbury /$cHewitt, sc., 1 Buckingham Place, Fitzroy Square.
=255  \\$aScale [ca. 1:2,450].
=260  \\$a[London],$c1815.
=300  \\$a1 map ;$c52 x 63 cm
=336  \\$acartographic image$2rdacontent
=337  \\$aunmediated$2rdamedia
=338  \\$asheet$2rdacarrier
=500  \\$aIncludes inset: Plan of the burial ground & chapel of St. Giles in the Fields, adjoining the church yard of St. Pancras.
=500  \\$aNathaniel Rogers Hewitt was located at 1 Buckingham Place, Fitzroy Square between 1815 and 1827. Coloured copy of this map with Hewitt's address 10 Broad Street, Bloomsbury, at Maps Crace Port. 15.2.
=500  \\$aBoundaries indicated by pecked line.
=510  4\$aCrace, John Gregory, A catalogue of maps, plans and views of London, Westminster and Southwark collected and arranged by Frederick Crace (1878),$cno. 3, p. 104
=510  4\$aWorms, Laurence, Baynton-Williams, Ashley. British map engravers: a dictionary of engravers, lithographers and their principal employers,$bto 1850,$cpp. 316-317
=650  \0$aParishes$zEngland$zLondon$vMaps.
=651  \0$aBloomsbury (London, England)$vMaps.
=651  \0$aSt. Giles in the Fields (London, England)$vMaps.
=651  \0$aSt. Pancras (London, England)$vMaps.
=651  \0$aLondon (England)$vMaps.
=655  \7$aMaps.$2fast$0(OCoLC)fst01423704
=700  1\$aCrace, Frederick,$d1779-1859,$eformer owner.
=700  1\$aCrace, John Gregory,$d1809-1889,$edonor.
=852  41$aBritish Library$bMAPS$jMaps Crace Port. 15.3
=856  41$3Copy at Maps Crace Port. 15.3$uhttp://www.bl.uk/onlinegallery/onlineex/crace/p/007zzz000000015u00003000.html$yDigitised map
=985  \\$aRecord amended for WR# 13/070
=985  \\$aRecord amended for WR1606-1727
=985  \\$aUpdated by MS generated file for WR2302-017
=CAT  \\$a12842$b40$c20130311$lBLL01$h1525
=CAT  \\$aWR13_070$b00$c20130504$lBLL01$h0341
=CAT  \\$aWR13_070C$c20130611$lBLL01$h1859
=CAT  \\$aWR13.117$c20130718$lBLL01$h1855
=CAT  \\$a12842$b40$c20131010$lBLL01$h1220
=CAT  \\$aW1606-1727$c20160825$lBLL01$h1742
=CAT  \\$aW2302-0174$c20230223$lBLL01$h1959
=FIN  \\$aY$d20130311
=FMT  \\$a  MP
=LAS  \\$aW2302-0174$b00$c20230223$lBLL01$h1959

