=LDR  03236cem a2200613 a 4500
=001  016298921
=003  Uk
=005  20230223161722.0
=007  aj\aanzn
=008  130312q1828\\\\enk||||||\a\\\\\0\\\eng|\
=034  1\$aa$b4200
=040  \\$aUk$beng$cUk$dUk
=042  \\$aukblsr
=082  04$a912.42142$223
=100  1\$aWyld, James,$d1790-1836,$ecartographer.
=245  10$aTo the most noble John, Duke of Bedford. This plan of the united parishes of St. Giles in the Fields & St. George, Bloomsbury, is ... dedicated by ... N. R. Hewitt. /$cDrawn by Jas. Wyld ; engraved by N. R. Hewitt.
=255  \\$aScale [ca. 1:4,200].
=260  \\$a[London] :$bpublished by R. P. Moore, Store Street, Bedford Sque,$c[1828]
=300  \\$a1 map ;$c31 x 41 cm
=336  \\$acartographic image$2rdacontent
=337  \\$aunmediated$2rdamedia
=338  \\$asheet$2rdacarrier
=500  \\$aDate taken from pencil annotation below plate.
=500  \\$aFirst published in 1824 with N.R. Hewitt's imprint. Some alterations have been made including addition of the Torrington Square and the British Museum's building designed by Sir Robert Smirke.
=500  \\$aIncludes vignette views of St Giles and Bloomsbury churches above map; view of the College of Surgeons at bottom right; and inset plan of Chapel & burying ground, near Pancras Old Church at upper right.
=500  \\$aNumbered for reference with an index at right centre; boundaries indicated by pecked line.
=510  4\$aCrace, John Gregory, A catalogue of maps, plans and views of London, Westminster and Southwark collected and arranged by Frederick Crace (1878),$cno. 5, p. 104
=510  4\$aScott, Valerie. Tooley's dictionary of mapmakers K-P (2003),$cp. 277
=510  4\$aWorms, Laurence, Baynton-Williams, Ashley. British map engravers: a dictionary of engravers, lithographers and their principal employers,$bto 1850,$cpp. 316-317 ; pp. 739-740
=650  \0$aParishes$zEngland$zLondon$vMaps.
=651  \0$aBloomsbury (London, England)$vMaps.
=651  \0$aHolborn (London, England)$vMaps.
=651  \0$aSt. Giles in the Fields (London, England)$vMaps.
=651  \0$aSt. Pancras (London, England)$vMaps.
=651  \0$aLondon (England)$vMaps.
=655  \7$aMaps.$2fast$0(OCoLC)fst01423704
=700  1\$aCrace, Frederick,$d1779-1859,$eformer owner.
=700  1\$aCrace, John Gregory,$d1809-1889,$edonor.
=700  1\$aHewitt, Nathaniel Rogers,$dactive 1804-1841,$eengraver.
=700  1\$aMoore, R. P.,$epublisher.
=852  41$aBritish Library$bMAPS$jMaps Crace Port. 15.5
=856  41$3Copy at Maps Crace Port. 15.5$uhttp://www.bl.uk/onlinegallery/onlineex/crace/t/007zzz000000015u00005000.html$yDigitised map
=985  \\$aRecord amended for WR# 13/070
=985  \\$aRecord amended for WR1606-1727
=985  \\$aUpdated by MS generated file for WR2302-017
=CAT  \\$a12842$b40$c20130312$lBLL01$h1449
=CAT  \\$aWR13_070$b00$c20130504$lBLL01$h0341
=CAT  \\$aWR13.117$c20130718$lBLL01$h1855
=CAT  \\$a12842$b40$c20131010$lBLL01$h1223
=CAT  \\$aW1606-1727$c20160825$lBLL01$h1742
=CAT  \\$aW2302-0174$c20230223$lBLL01$h1959
=FIN  \\$aY$d20130312
=FMT  \\$a  MP
=LAS  \\$aW2302-0174$b00$c20230223$lBLL01$h1959

