=LDR  02372cem a2200529 a 4500
=001  016298979
=003  Uk
=005  20230223161722.0
=007  aj\aanzn
=008  130312q1822\\\\enk||||||\a\\\\\0\\\eng|\
=034  0\$aa
=040  \\$aUk$beng$cUk$dUk
=042  \\$aukblsr
=082  04$a912.42142$223
=245  02$aA plan of the boundaries or environs of St. Giles's parish about anno 1300.
=255  \\$aScale not given.
=260  \\$a[London] :$bLuke Hansard & Sons, Printers, Great Turnstile Holbn.,$c[1822]
=300  \\$a1 map ;$c25 x 38 cm
=336  \\$acartographic image$2rdacontent
=337  \\$aunmediated$2rdamedia
=338  \\$asheet$2rdacarrier
=500  \\$aFrom Some account of the hospital and parish of St. Giles in the Fields, Middlesex by John Parton, published in 1822. Date in imprint taken from the title page.
=500  \\$aLabelled and numbered for reference with a 60 point list of properties at upper portion of plate.
=510  4\$aCrace, John Gregory, A catalogue of maps, plans and views of London, Westminster and Southwark collected and arranged by Frederick Crace (1878),$cno. 8, p. 105
=510  1\$aFrench, Josephine. Tooley's dictionary of mapmakers E-J (2001),$cp. 263
=650  \0$aParishes$zEngland$zLondon$vMaps.
=651  \0$aSt. Giles in the Fields (London, England)$vMaps.
=651  \0$aHolborn (London, England)$vMaps.
=651  \0$aBloomsbury (London, England)$vMaps.
=651  \0$aLondon (England)$vMaps.
=655  \7$aMaps.$2fast$0(OCoLC)fst01423704
=700  1\$aCrace, Frederick,$d1779-1859,$eformer owner.
=700  1\$aCrace, John Gregory,$d1809-1889,$edonor.
=710  2\$aLuke Hansard and Sons,$epublisher.
=852  41$aBritish Library$bMAPS$jMaps Crace Port. 15.8
=856  41$3Copy at Maps Crace Port. 15.8$uhttp://www.bl.uk/onlinegallery/onlineex/crace/a/007zzz000000015u00008000.html$yDigitised map
=985  \\$aRecord amended for WR1606-1727
=985  \\$aUpdated by MS generated file for WR2302-017
=CAT  \\$a12842$b40$c20130312$lBLL01$h1609
=CAT  \\$a12842$b40$c20130312$lBLL01$h1724
=CAT  \\$aWR13.117$c20130718$lBLL01$h1855
=CAT  \\$a12842$b40$c20131010$lBLL01$h1239
=CAT  \\$aW1606-1727$c20160825$lBLL01$h1742
=CAT  \\$aW2302-0174$c20230223$lBLL01$h1959
=FIN  \\$aY$d20130312
=FMT  \\$a  MP
=LAS  \\$aW2302-0174$b00$c20230223$lBLL01$h1959

