=LDR  03035cfm a2200541 a 4500
=001  016300555
=003  Uk
=005  20230223161723.0
=007  aj\canzn
=008  130312q1750\\\\xx\||||||\a\\\\\0\\\eng|\
=034  1\$aa$dW0015256$eW0015322$fN0513102$gN0513046$2bound
=040  \\$aUk$beng$cUk$dUk
=042  \\$aukblsr
=082  04$a912.42142$223
=245  03$a[A plott of the Thickett Field :$bbeing a plan of the ground now Lincoln's Inn Fields].
=255  \\$aScale not given$c(W 1°52'56"--W 1°53'22"/N 51°31'02"--N 51°30'46").
=260  \\$c[ca. 1750]
=300  \\$a1 map :$bhand col. ;$c48 x 39 cm
=336  \\$acartographic image$2rdacontent
=337  \\$aunmediated$2rdamedia
=338  \\$asheet$2rdacarrier
=500  \\$aPen and ink with wash on paper.
=500  \\$aTitle taken from A catalogue of maps, plans and views of London, Westminster and Southwark collected and arranged by Frederick Crace, 1878.
=500  \\$aCopied from an original plan of 1592 by J. Long, which is endorsed by Lord Burlington.
=500  \\$aShows the estates in Lincoln's Inn Fields south of Chancery Lane. Individual properties coloured, labelled and lettered for reference with landowners' and leaseholders' names reported.
=510  4\$aCrace, John Gregory, A catalogue of maps, plans and views of London, Westminster and Southwark collected and arranged by Frederick Crace (1878),$cno. 11, p. 105
=520  \\$aThis is a copy of a plan dating from 1592 which was made by J. Long and endorsed by Lord Burlington. It covers the land which is now Lincoln's Inn Fields. In the lower section of the plan there is an irregular brown shape upon which is written, 'The Leystall where the Images of waxe were founde'. 'A conduct bed belonging to 'Arundell howse' is also marked. Arundel House was the location from which Wenceslaus Hollar drew his view of London, published in 1647.
=650  \0$aReal property$zEngland$zLondon$vMaps$vEarly works to 1800.
=651  \0$aHolborn (London, England)$vMaps$vEarly works to 1800.
=655  \7$aMaps.$2fast$0(OCoLC)fst01423704
=700  1\$aCrace, Frederick,$d1779-1859,$eformer owner.
=700  1\$aCrace, John Gregory,$d1809-1889,$edonor.
=700  1\$aLong, J.,$esurveyor.
=852  41$aBritish Library$bMAPS$jMaps Crace Port. 15.11
=856  41$3Copy at Maps Crace Port. 15.11$uhttp://www.bl.uk/onlinegallery/onlineex/crace/t/007000000000015u00011000.html$yDigitised map
=985  \\$aUpgraded from BL georeferencer data 2022-11-17.
=985  \\$aRecord amended for WR1606-1727
=985  \\$aUpdated by MS generated file for WR2302-017
=CAT  \\$a12842$b40$c20130312$lBLL01$h1807
=CAT  \\$aWR13.117$c20130718$lBLL01$h1855
=CAT  \\$a12842$b40$c20131010$lBLL01$h1247
=CAT  \\$aW1606-1727$c20160825$lBLL01$h1742
=CAT  \\$a14185$b40$c20221201$lBLL01$h1818
=CAT  \\$a14185$b40$c20221204$lBLL01$h2009
=CAT  \\$aW2302-0174$c20230223$lBLL01$h1959
=FIN  \\$aY$d20130312
=FMT  \\$a  MP
=LAS  \\$aW2302-0174$b00$c20230223$lBLL01$h1959

