=LDR  02662cem a2200565 a 4500
=001  016300558
=003  Uk
=005  20230223161723.0
=007  aj\aanzn
=008  130312q1725\\\\enk||||||\a\\\\\0\\\eng|\
=034  0\$aa
=040  \\$aUk$beng$cUk$dUk
=041  0\$aeng$afre
=042  \\$aukblsr
=082  04$a912.42142$223
=245  00$aPlan of the parlor floor of Lindsey House. Plan of the principal story.
=246  11$aPlan de premier etage. Plan du principal etage
=255  \\$aScale not given.
=260  \\$a[London,$c1725]
=300  \\$a2 plans on 1 sheet ;$c25 x 38 cm
=336  \\$acartographic image$2rdacontent
=337  \\$aunmediated$2rdamedia
=338  \\$asheet$2rdacarrier
=500  \\$aDate in imprint and publisher's names taken from London illustrated, B. Adams.
=500  \\$aFrom vol. 1 of Vitruvius Britannicus, or the British Architect, published by Colen Campbell between 1715 and 1725. Further volumes using this title were congregated by Woolfe and Gandon, and published between 1767 and 1771.
=500  \\$aSupplies detailed plans of Lindsey House in Lincolns Inn Field with dimensions reported. Top right corner: p.49.
=510  4\$aCrace, John Gregory, A catalogue of maps, plans and views of London, Westminster and Southwark collected and arranged by Frederick Crace (1878),$cno. 12, p. 105
=510  1\$aAdams, Bernard, London illustrated (1983),$b1604-1851,$cno. 24 (21), p. 49
=546  \\$aTitle given in English and French.
=650  \0$aArchitecture$zEngland$zLondon$vDesigns and plans$vEarly works to 1800.
=651  \0$aHolborn (London, England)$vMaps$vEarly works to 1800.
=651  \0$aLondon (England)$vMaps$vEarly works to 1800.
=655  \7$aMaps.$2fast$0(OCoLC)fst01423704
=700  1\$aCrace, Frederick,$d1779-1859,$eformer owner.
=700  1\$aCrace, John Gregory,$d1809-1889,$edonor.
=700  1\$aCampbell, Colen,$d1676-1729,$epublisher.
=852  41$aBritish Library$bMAPS$jMaps Crace Port. 15.12
=856  41$3Copy at Maps Crace Port. 15.12$uhttp://www.bl.uk/onlinegallery/onlineex/crace/other/007zzz000000015u00012000.html$yDigitised map
=985  \\$aRecord amended for WR1606-1727
=985  \\$aUpdated by MS generated file for WR2302-017
=CAT  \\$a12842$b40$c20130312$lBLL01$h1831
=CAT  \\$a12842$b40$c20130312$lBLL01$h1835
=CAT  \\$a12842$b40$c20130313$lBLL01$h1646
=CAT  \\$aWR13.117$c20130718$lBLL01$h1855
=CAT  \\$a12842$b40$c20131010$lBLL01$h1249
=CAT  \\$aW1606-1727$c20160825$lBLL01$h1743
=CAT  \\$aW2302-0174$c20230223$lBLL01$h1959
=FIN  \\$aY$d20130312
=FMT  \\$a  MP
=LAS  \\$aW2302-0174$b00$c20230223$lBLL01$h1959

