=LDR  02607cfm a2200553 a 4500
=001  016300559
=003  Uk
=005  20230223161723.0
=007  aj\aanzn
=008  130312q1824\\\\xx\||||||\a\\\\\0\\\eng|\
=034  0\$aa
=040  \\$aUk$beng$cUk$dUk
=042  \\$aukblsr
=082  04$a912.42142$223
=245  00$a[Drawn plan of Sir John Soane's House in Lincolns Inn Field].
=255  \\$aScale not given.
=260  \\$c[ca. 1824]
=300  \\$a1 map ;$c24 x 18 cm
=336  \\$acartographic image$2rdacontent
=337  \\$aunmediated$2rdamedia
=338  \\$asheet$2rdacarrier
=500  \\$aPen and ink with wash on paper. Unsigned and undated.
=500  \\$aTitle taken from A catalogue of maps, plans and views of London, Westminster and Southwark collected and arranged by Frederick Crace, 1878.
=500  \\$aSupplies ground plan of Sir John Soane's House.
=500  \\$aBetween 1792 and 1824 Soane demolished and rebuilt three houses in succession (Nos. 12-14) on the north side of Lincoln's Inn Fields, to house his collection of paintings, drawings and antiquities that he assembled. The Museum was established by a Private Act of Parliament in 1833, which took effect on Soane's death in 1837.
=510  4\$aCrace, John Gregory, A catalogue of maps, plans and views of London, Westminster and Southwark collected and arranged by Frederick Crace (1878),$cno. 13, p. 105
=600  10$aSoane, John,$d1753-1837.
=610  20$aSir John Soane's Museum.
=650  \0$aPublic buildings$zEngland$zLondon$vDesigns and plans.
=650  \0$aArchitecture$zEngland$zLondon$vDesigns and plans.
=651  \0$aHolborn (London, England)$vMaps.
=651  \0$aLondon (England)$vMaps.
=655  \7$aMaps.$2fast$0(OCoLC)fst01423704
=700  1\$aCrace, Frederick,$d1779-1859,$eformer owner.
=700  1\$aCrace, John Gregory,$d1809-1889,$edonor.
=852  41$aBritish Library$bMAPS$jMaps Crace Port. 15.13
=856  41$3Copy at Maps Crace Port. 15.13$uhttp://www.bl.uk/onlinegallery/onlineex/crace/other/007zzz000000015u00013000.html$yDigitised map
=985  \\$aRecord amended for WR1606-1727
=985  \\$aUpdated by MS generated file for WR2302-017
=CAT  \\$a12842$b40$c20130312$lBLL01$h1903
=CAT  \\$a12842$b40$c20130312$lBLL01$h1904
=CAT  \\$a12842$b40$c20130313$lBLL01$h1659
=CAT  \\$aWR13.117$c20130718$lBLL01$h1855
=CAT  \\$a12842$b40$c20131010$lBLL01$h1251
=CAT  \\$aW1606-1727$c20160825$lBLL01$h1742
=CAT  \\$aW2302-0174$c20230223$lBLL01$h1959
=FIN  \\$aY$d20130312
=FMT  \\$a  MP
=LAS  \\$aW2302-0174$b00$c20230223$lBLL01$h1959

