=LDR  02516cfm a2200529 a 4500
=001  016300680
=003  Uk
=005  20230223161723.0
=007  aj\aanzn
=008  130313q1664\\\\xx\||||||\a\\\\\0\\\eng|\
=034  0\$aa
=040  \\$aUk$beng$cUk$dUk
=042  \\$aukblsr
=082  04$a912.42142$223
=100  1\$aDaynes, John,$esurveyor.
=245  13$aAn exactt platt & description of certaine lands, being partes of the mannor of Bloomesbury lying & being within ye parish of St. Gyles in ye Fields & in ye county of Midd. :$bparcell of ye possession of the Right Honoble Thomas Earle of Southampton. 1664/5 /$cJohn Daynes.
=255  \\$aScale not given.
=260  \\$c1664-5.
=300  \\$a1 map ;$c36 x 48 cm
=336  \\$acartographic image$2rdacontent
=337  \\$aunmediated$2rdamedia
=338  \\$asheet$2rdacarrier
=500  \\$aPen and ink on paper.
=500  \\$aShows the property of the Earl of Southampton in Bloomsbury area, what eventually became Bloomsbury Square; labelled for reference with dimensions reported.
=510  4\$aCrace, John Gregory, A catalogue of maps, plans and views of London, Westminster and Southwark collected and arranged by Frederick Crace (1878),$cno. 15, p. 105
=510  4\$aFrench, Josephine. Tooley's dictionary of mapmakers A-D (1999),$cp. 344
=600  10$aSouthampton, Thomas Wriothesley,$cEarl of,$d1607-1667.
=650  \0$aReal property$zEngland$zLondon$vMaps$vEarly works to 1800.
=651  \0$aBloomsbury (London, England)$vMaps$vEarly works to 1800.
=651  \0$aHolborn (London, England)$vMaps$vEarly works to 1800.
=651  \0$aLondon (England)$vMaps$vEarly works to 1800.
=655  \7$aEarly maps.$2fast$0(OCoLC)fst01752681
=700  1\$aCrace, Frederick,$d1779-1859,$eformer owner.
=700  1\$aCrace, John Gregory,$d1809-1889,$edonor.
=852  41$aBritish Library$bMAPS$jMaps Crace Port. 15.15
=856  41$3Copy at Maps Crace Port. 15.15$uhttp://www.bl.uk/onlinegallery/onlineex/crace/a/007zzz000000015u00015000.html$yDigitised map
=985  \\$aRecord amended for WR1606-1727
=985  \\$aUpdated by MS generated file for WR2302-017
=CAT  \\$a12842$b40$c20130313$lBLL01$h1144
=CAT  \\$a12842$b40$c20130313$lBLL01$h1147
=CAT  \\$aWR13.117$c20130718$lBLL01$h1855
=CAT  \\$a12842$b40$c20131012$lBLL01$h1210
=CAT  \\$aW1606-1727$c20160825$lBLL01$h1743
=CAT  \\$aW2302-0174$c20230223$lBLL01$h1959
=FIN  \\$aY$d20130313
=FMT  \\$a  MP
=LAS  \\$aW2302-0174$b00$c20230223$lBLL01$h1959

