=LDR  03261cem a2200553 a 4500
=001  016300756
=003  Uk
=005  20230223161723.0
=007  aj\aanzn
=008  130313s1800\\\\enk||||||\a\\\\\0\\\eng|\
=034  1\$aa$b2850$dW0015145$eW0015250$fN0513144$gN0513101$2bound
=040  \\$aUk$beng$cUk$dUk
=042  \\$aukblsr
=082  04$a912.42142$223
=100  1\$aNeele, Samuel John,$d1758-1824,$eengraver.
=245  12$aA plan of the intended improvements, on the estate of His Grace the Duke of Bedford /$cNeele sc., 352 Strand.
=255  \\$aScale approximately 1:2 850$c(W 1°51'45"--W 1°52'50"/N 51°31'44"--N 51°31'01").
=260  \\$a[London],$c1800.
=300  \\$a1 map ;$c43 x 30 cm
=336  \\$acartographic image$2rdacontent
=337  \\$aunmediated$2rdamedia
=338  \\$asheet$2rdacarrier
=500  \\$aShows proposed development to parts of Bloomsbury; Bloomsbury Square indicated by pecked line, green spaces coloured.
=510  4\$aCrace, John Gregory, A catalogue of maps, plans and views of London, Westminster and Southwark collected and arranged by Frederick Crace (1878),$cno. 16, p. 106
=510  4\$aWorms, Laurence, Baynton-Williams, Ashley. British map engravers: a dictionary of engravers, lithographers and their principal employers,$bto 1850,$cp. 482-485
=520  \\$aThe area of Bloomsbury represented in this plan has been part of the metropolitan estate of the Russell family, the Earls and Dukes of Bedford since the 17th century. Many of the names of the streets and squares reflect this connection. The plan shows the old British Museum simply marked 'museum', Russell Square, Brunswick Square, Tavistock Square, Nursery Ground are all indicated as green spaces. Bloomsbury square is marked by a pecked line and coloured green. Bedford house has become Bedford Place, constructed in 1801-5 by James Burton. Under the 6th Duke of Bedford the area was developed north and east, principally by James Burton and Thomas Cubitt. The resulting squares became a favourite area for writers and painters.
=650  \0$aCity planning$zEngland$zLondon$vMaps.
=651  \0$aHolborn (London, England)$vMaps.
=651  \0$aBloomsbury (London, England)$vMaps.
=651  \0$aLondon (England)$vMaps.
=655  \7$aMaps.$2fast$0(OCoLC)fst01423704
=700  1\$aCrace, Frederick,$d1779-1859,$eformer owner.
=700  1\$aCrace, John Gregory,$d1809-1889,$edonor.
=852  41$aBritish Library$bMAPS$jMaps Crace Port. 15.16
=856  41$3Copy at Maps Crace Port. 15.16$uhttp://www.bl.uk/onlinegallery/onlineex/crace/a/007zzz000000015u00016000.html$yDigitised map
=985  \\$aUpgraded from BL georeferencer data 2022-11-17.
=985  \\$aRecord amended for WR1606-1727
=985  \\$aUpdated by MS generated file for WR2302-017
=CAT  \\$a12842$b40$c20130313$lBLL01$h1412
=CAT  \\$a12842$b40$c20130313$lBLL01$h1413
=CAT  \\$aWR13.117$c20130718$lBLL01$h1855
=CAT  \\$a12842$b40$c20131012$lBLL01$h1212
=CAT  \\$aW1606-1727$c20160825$lBLL01$h1742
=CAT  \\$a14185$b40$c20221201$lBLL01$h1601
=CAT  \\$a14185$b40$c20221202$lBLL01$h1509
=CAT  \\$aW2302-0174$c20230223$lBLL01$h1959
=FIN  \\$aY$d20130313
=FMT  \\$a  MP
=LAS  \\$aW2302-0174$b00$c20230223$lBLL01$h1959

