=LDR  03429cem a2200589 a 4500
=001  016300804
=003  Uk
=005  20230223161723.0
=007  aj\canzn
=008  130313q1802\\\\enk||||||\a\\\\\0\\\eng|\
=034  1\$aa$b2830$dW0015137$eW0015242$fN0513142$gN0513056$2bound
=040  \\$aUk$beng$cUk$dUk
=042  \\$aukblsr
=082  04$a912.42142$223
=100  1\$aMetcalf, Robert,$dactive 1795-1810,$eengraver.
=245  12$aA plan of the City's estate in Tottenham Court Road in the vicinity of Bedford Square &c. /$cOffice of Works, Guildhall ; R. Metcalf sculpt.
=255  \\$aScale approximately 1:2 830$c(W 1°51'37"--W 1°52'42"/N 51°31'42"--N 51°30'56").
=260  \\$a[London,$c1802]
=300  \\$a1 map :$bcol. ;$c26 x 42 cm
=336  \\$acartographic image$2rdacontent
=337  \\$aunmediated$2rdamedia
=338  \\$asheet$2rdacarrier
=500  \\$aDate in imprint taken from A catalogue of maps, plans and views of London, Westminster and Southwark collected and arranged by Frederick Crace, 1878.
=500  \\$aIncludes a note on proposed development and details on building leases at left centre. Intended properties on Tottenham Court Road between Francis Street and Bedford Street coloured for reference.
=500  \\$aOriented with east at the top.
=510  4\$aCrace, John Gregory, A catalogue of maps, plans and views of London, Westminster and Southwark collected and arranged by Frederick Crace (1878),$cno. 17, p. 106
=510  4\$aWorms, Laurence, Baynton-Williams, Ashley. British map engravers: a dictionary of engravers, lithographers and their principal employers,$bto 1850,$cp. 445-446
=520  \\$aThis plan shows a proposed new street near Bedford Square on land owned by the City of London. In the notes on the left side of the sheet the rationale behind the different colours is explained. Gentlemen's houses are to be built with gardens, at the opposite end of which will be houses for shopkeepers. The shops will have large fronts opening on to Tottenham Court Road. The rear wall of the shop keepers houses are to have no lights or other openings, presumably so as not to overlook the gardens of the gentlemen.
=651  \0$aBloomsbury (London, England)$vMaps.
=651  \0$aHolborn (London, England)$vMaps.
=651  \0$aLondon (England)$vMaps.
=655  \7$aMaps.$2fast$0(OCoLC)fst01423704
=700  1\$aCrace, Frederick,$d1779-1859,$eformer owner.
=700  1\$aCrace, John Gregory,$d1809-1889,$edonor.
=852  41$aBritish Library$bMAPS$jMaps Crace Port. 15.17
=856  41$3Copy at Maps Crace Port. 15.17$uhttp://www.bl.uk/onlinegallery/onlineex/crace/other/007zzz000000015u00017000.html$yDigitised map
=985  \\$aUpgraded from BL georeferencer data 2022-11-17.
=985  \\$aRecord amended for WR# 13/070
=985  \\$aRecord amended for WR1606-1727
=985  \\$aUpdated by MS generated file for WR2302-017
=CAT  \\$a12842$b40$c20130313$lBLL01$h1511
=CAT  \\$a12842$b40$c20130313$lBLL01$h1516
=CAT  \\$aWR13_070$b00$c20130504$lBLL01$h0341
=CAT  \\$aWR13.117$c20130718$lBLL01$h1855
=CAT  \\$a12842$b40$c20131012$lBLL01$h1215
=CAT  \\$aW1606-1727$c20160825$lBLL01$h1742
=CAT  \\$a14185$b40$c20221201$lBLL01$h1602
=CAT  \\$a14185$b40$c20221202$lBLL01$h1510
=CAT  \\$aW2302-0174$c20230223$lBLL01$h1959
=FIN  \\$aY$d20130313
=FMT  \\$a  MP
=LAS  \\$aW2302-0174$b00$c20230223$lBLL01$h1959

