=LDR  02383 em a2200517 a 4500
=001  016300839
=003  Uk
=005  20130919121338.0
=007  aj\aanzn
=008  130313s1800\\\\enk||||||\a\\\\\0\\\eng|\
=034  1\$aa$b2740
=040  \\$aUk$beng$cUk$dUk
=042  \\$aukblsr
=082  04$a912.42142$223
=100  1\$aTuppen, Jonathan Henry,$eengraver.
=245  12$aA plan of the intended improvements, on the estate of His Grace the Duke of Bedford /$cengraved by I. Tuppen, no. 27 King St., Golden Sqr.
=255  \\$aScale [ca. 1:2 740].
=260  \\$a[London],$c1800.
=300  \\$a1 map ;$c44 x 31 cm
=336  \\$acartographic image$2rdacontent
=337  \\$aunmediated$2rdamedia
=338  \\$asheet$2rdacarrier
=500  \\$aDate 1806 is given in A catalogue of maps, plans and views of London, Westminster and Southwark collected and arranged by Frederick Crace, 1878.
=500  \\$aShows proposed development to parts of Bloomsbury; Bloomsbury Square indicated by pecked line.
=510  4\$aCrace, John Gregory, A catalogue of maps, plans and views of London, Westminster and Southwark collected and arranged by Frederick Crace (1878),$cno. 18, p. 106
=510  4\$aWorms, Laurence, Baynton-Williams, Ashley. British map engravers: a dictionary of engravers, lithographers and their principal employers,$bto 1850,$cp. 674
=650  \0$aCity planning$zEngland$zLondon$vMaps.
=651  \0$aBloomsbury (London, England)$vMaps.
=651  \0$aHolborn (London, England)$vMaps.
=651  \0$aLondon (England)$vMaps.
=700  1\$aCrace, Frederick,$d1779-1859,$eformer owner.
=700  1\$aCrace, John Gregory,$d1809-1889,$edonor.
=852  41$aBritish Library$bMAPS$jMaps Crace Port. 15.18
=856  41$3Copy at Maps Crace Port. 15.18$uhttp://www.bl.uk/onlinegallery/onlineex/crace/a/007zzz000000015u00018000.html$yDigitised map
=985  \\$aRecord amended for WR# 13/070
=985  \\$aRecord amended for WR1606-1727
=CAT  \\$a12842$b40$c20130313$lBLL01$h1554
=CAT  \\$aWR13_070$b00$c20130504$lBLL01$h0341
=CAT  \\$aWR13_070C$c20130611$lBLL01$h1859
=CAT  \\$a12842$b40$c20130703$lBLL01$h1517
=CAT  \\$aWR13.117$c20130718$lBLL01$h1855
=CAT  \\$a5100$b40$c20130919$lBLL01$h1213
=CAT  \\$aW1606-1727$c20160825$lBLL01$h1742
=FIN  \\$aY$d20130313
=FMT  \\$a  MP
=LAS  \\$aW1606-1727$b00$c20160825$lBLL01$h1742

