=LDR  03748cem a2200685 a 4500
=001  016301028
=003  Uk
=005  20230223161723.0
=007  aj\canzn
=008  130116s1838\\\\enk||||||\a\\\\\0\\\eng|\
=034  1\$aa$dW0015215$eW0015231$fN0513114$gN0513104$2bound
=040  \\$aUk$beng$cUk$dUk
=042  \\$aukblsr
=082  04$a912.42142$223
=100  1\$aBasire, James,$d1796-1869,$elithographer.
=245  10$a[Plan of the main floor of the British Museum] /$cJ. Basire lith.
=255  \\$aScale not given$c(W 1°52'15"--W 1°52'31"/N 51°31'14"--N 51°31'04").
=260  \\$a[London] :$bJames & Luke G. Hansard & Sons Printers,$c1838.
=300  \\$a1 plan :$bcol. ;$c33 x 38 cm
=336  \\$acartographic image$2rdacontent
=337  \\$aunmediated$2rdamedia
=338  \\$avolume$2rdacarrier
=500  \\$aSupplies ground plan of the British Museum; premises labelled and coloured for reference; dimensions given.
=500  \\$aThe British Museum was built between 1823 and 1847 to Robert Smirke's design. In 1842 the Montagu House was demolished to make room for the final part of the West Wing.
=500  \\$aBelow plan: 545. Ordered by the House of Commons to be printed 30th June 1838.
=510  4\$aCrace, John Gregory, A catalogue of maps, plans and views of London, Westminster and Southwark collected and arranged by Frederick Crace (1878),$cno. 20, p. 106
=510  4\$aFrench, Josephine. Tooley's dictionary of mapmakers E-J (2001),$cp. 263
=510  4\$aWorms, Laurence, Baynton-Williams, Ashley. British map engravers: a dictionary of engravers, lithographers and their principal employers,$bto 1850,$cpp. 56-57
=520  \\$aThis plan shows the ground floor of the British Museum built by Robert Smirke. The plan shows the galleries lay out and their usage: Miscellaneous Antiquities, Egyptian Antiquities, Phigalian Marbles. Three of the four wings of the ground floor are taken up by books in the British Museum Library which later became the British Library.
=600  10$aSmirke, Robert,$d1780-1867,$earchitect.
=610  24$aBritish Museum$xDesigns and plans.
=650  \0$aMuseum architecture$zEngland$zLondon$vDesigns and plans.
=650  \0$aMuseum buildings$zEngland$zLondon$vDesigns and plans.
=650  \0$aPublic buildings$zEngland$zLondon$vDesigns and plans.
=650  \0$aArchitecture$zEngland$zLondon$vDesigns and plans$vEarly works to 1800.
=651  \0$aHolborn (London, England)$vMaps.
=651  \0$aLondon (England)$vMaps.
=655  \7$aMaps.$2fast$0(OCoLC)fst01423704
=700  1\$aCrace, Frederick,$d1779-1859,$eformer owner.
=700  1\$aCrace, John Gregory,$d1809-1889,$edonor.
=710  2\$aJames & Luke G. Hansard & Sons, Printers.
=710  1\$aGreat Britain.$bParliament.$bHouse of Commons.
=852  41$aBritish Library$bMAPS$jMaps Crace Port. 15.20.(1.)
=856  41$3Copy at Maps Crace Port. 15.20.(1.)$uhttp://www.bl.uk/onlinegallery/onlineex/crace/other/007zzz000000015u000200a0.html$yDigitised map
=985  \\$aUpgraded from BL georeferencer data 2022-11-17.
=985  \\$aRecord amended for WR1606-1727
=985  \\$aUpdated by MS generated file for WR2302-017
=CAT  \\$a12842$b40$c20130314$lBLL01$h1105
=CAT  \\$a12842$b40$c20130314$lBLL01$h1129
=CAT  \\$a12842$b40$c20130314$lBLL01$h1133
=CAT  \\$a12842$b40$c20130314$lBLL01$h1141
=CAT  \\$aWR13.117$c20130718$lBLL01$h1855
=CAT  \\$a12842$b40$c20131012$lBLL01$h1230
=CAT  \\$aW1606-1727$c20160825$lBLL01$h1742
=CAT  \\$a14185$b40$c20221201$lBLL01$h1602
=CAT  \\$a14185$b40$c20221202$lBLL01$h1511
=CAT  \\$aW2302-0174$c20230223$lBLL01$h1959
=FIN  \\$aY$d20130314
=FMT  \\$a  MP
=LAS  \\$aW2302-0174$b00$c20230223$lBLL01$h1959

