=LDR  03047cem a2200625 a 4500
=001  016301094
=003  Uk
=005  20230223161723.0
=007  aj\aanzn
=008  130116s1836\\\\enk||||||\a\\\\\0\\\eng|\
=034  0\$aa
=040  \\$aUk$beng$cUk$dUk
=042  \\$aukblsr
=082  04$a912.42142$223
=100  1\$aRichardson, C. J.
=245  10$aGeneral plan of the new buildings of the Museum /$cRobt. Smirke, June 11th 1836 ; C. J. Richardson del. ; printed from zinc by Day & Haghe.
=255  \\$aScale not given.
=260  \\$a[London] :$bJames & Luke G. Hansard & Sons Printers,$c1836.
=300  \\$a1 plan ;$c29 x 39 cm
=336  \\$acartographic image$2rdacontent
=337  \\$aunmediated$2rdamedia
=338  \\$avolume$2rdacarrier
=500  \\$aSupplies detailed plan of the proposed main floor of the British Museum; premises labelled for reference; dimensions given.
=500  \\$aThe British Museum was built between 1823 and 1847 to Robert Smirke's design. In 1842 the Montagu House was demolished to make room for the final part of the West Wing.
=500  \\$aBelow plan: 440. Ordered by the House of Commons to be printed 14th July 1836. Top right: 1.
=510  4\$aCrace, John Gregory, A catalogue of maps, plans and views of London, Westminster and Southwark collected and arranged by Frederick Crace (1878),$cno. 20, p. 106
=510  4\$aFrench, Josephine. Tooley's dictionary of mapmakers A-D (1999),$cp. 343
=510  4\$aFrench, Josephine. Tooley's dictionary of mapmakers E-J (2001),$cp. 263
=600  10$aSmirke, Robert,$d1780-1867,$earchitect.
=610  24$aBritish Museum$xDesigns and plans.
=650  \0$aMuseum architecture$zEngland$zLondon$vDesigns and plans.
=650  \0$aMuseum buildings$zEngland$zLondon$vDesigns and plans.
=650  \0$aPublic buildings$zEngland$zLondon$vDesigns and plans.
=650  \0$aArchitecture$zEngland$zLondon$vDesigns and plans$vEarly works to 1800.
=651  \0$aHolborn (London, England)$vMaps.
=651  \0$aLondon (England)$vMaps.
=655  \7$aMaps.$2fast$0(OCoLC)fst01423704
=700  1\$aCrace, Frederick,$d1779-1859,$eformer owner.
=700  1\$aCrace, John Gregory,$d1809-1889,$edonor.
=710  2\$aDay & Haghe.
=710  2\$aJames & Luke G. Hansard & Sons, Printers.
=710  1\$aGreat Britain.$bParliament.$bHouse of Commons.
=852  41$aBritish Library$bMAPS$jMaps Crace Port. 15.20.(2.)
=856  41$3Copy at Maps Crace Port. 15.20.(2.)$uhttp://www.bl.uk/onlinegallery/onlineex/crace/other/007zzz000000015u000200b0.html$yDigitised map
=985  \\$aRecord amended for WR1606-1727
=985  \\$aUpdated by MS generated file for WR2302-017
=CAT  \\$a12842$b40$c20130314$lBLL01$h1203
=CAT  \\$a12842$b40$c20130314$lBLL01$h1214
=CAT  \\$aWR13.117$c20130718$lBLL01$h1855
=CAT  \\$a12842$b40$c20131012$lBLL01$h1233
=CAT  \\$aW1606-1727$c20160825$lBLL01$h1742
=CAT  \\$aW2302-0174$c20230223$lBLL01$h1959
=FIN  \\$aY$d20130314
=FMT  \\$a  MP
=LAS  \\$aW2302-0174$b00$c20230223$lBLL01$h1959

