=LDR  02765cem a2200577 a 4500
=001  016301225
=003  Uk
=005  20230223161723.0
=007  aj\canzn
=008  130314s1840\\\\enk||||||\a\\\\\0\\\eng|\
=034  1\$aa$b980
=040  \\$aUk$beng$cUk$dUk
=042  \\$aukblsr
=082  04$a912.42132$223
=100  1\$aChawner, Thomas,$d1774-1851,$esurveyor.
=245  10$aProposed new street from Oxford Street to Holborn :$bas revised, June 1840 /$cThos. Chawner ; Jas. Pennethorne ; Day & Haghe lith. to the Queen.
=255  \\$aScale [ca. 1:980].
=260  \\$a[London] :$bJames Luke G. & Luke J. Hansard Printers,$c1840.
=300  \\$a1 map :$bcol. ;$c31 x 82 cm
=336  \\$acartographic image$2rdacontent
=337  \\$aunmediated$2rdamedia
=338  \\$asheet$2rdacarrier
=500  \\$aShows proposed improvements including widening of the streets with properties coloured and numbered for reference.
=500  \\$aAbove title: Plan A. Below plan: 410. Ordered by the House of Commons to be printed 25th June 1840. Top right corner: First Report on Metropolitan Improvements 1840; 1.
=510  4\$aCrace, John Gregory, A catalogue of maps, plans and views of London, Westminster and Southwark collected and arranged by Frederick Crace (1878),$cno. 21, p. 106
=510  4\$aFrench, Josephine. Tooley's dictionary of mapmakers A-D (1999),$cp. 260 ; p. 343
=510  4\$aFrench, Josephine. Tooley's dictionary of mapmakers E-J (2001),$cp. 263
=510  4\$aScott, Valerie. Tooley's dictionary of mapmakers K-P (2003),$cp. 400
=650  \0$aReal property$zEngland$zLondon$vMaps.
=650  \0$aCity planning$zEngland$zLondon$vMaps.
=651  \0$aHolborn (London, England)$vMaps.
=651  \0$aLondon (England)$vMaps.
=655  \7$aMaps.$2fast$0(OCoLC)fst01423704
=700  1\$aCrace, Frederick,$d1779-1859,$eformer owner.
=700  1\$aCrace, John Gregory,$d1809-1889,$edonor.
=700  1\$aPennethorne, James,$cSir,$d1801-1871,$esurveyor.
=710  2\$aDay & Haghe.
=710  2\$aJames & Luke G. Hansard & Sons, Printers.
=710  1\$aGreat Britain.$bParliament.$bHouse of Commons.
=852  41$aBritish Library$bMAPS$jMaps Crace Port. 15.21
=856  41$3Copy at Maps Crace Port. 15.21$uhttp://www.bl.uk/onlinegallery/onlineex/crace/p/007000000000015u00021000.html$yDigitised map
=985  \\$aRecord amended for WR1606-1727
=985  \\$aUpdated by MS generated file for WR2302-017
=CAT  \\$a12842$b40$c20130314$lBLL01$h1431
=CAT  \\$aWR13.117$c20130718$lBLL01$h1855
=CAT  \\$a12842$b40$c20131012$lBLL01$h1241
=CAT  \\$aW1606-1727$c20160825$lBLL01$h1742
=CAT  \\$aW2302-0174$c20230223$lBLL01$h1959
=FIN  \\$aY$d20130314
=FMT  \\$a  MP
=LAS  \\$aW2302-0174$b00$c20230223$lBLL01$h1959

