=LDR  03197cem a2200541 a 4500
=001  016301257
=003  Uk
=005  20230223161723.0
=007  aj\aanzn
=008  130314q1811\\\\enk||||||\a\\\\\0\\\eng|\
=034  1\$aa$dW0015222$eW0015229$fN0513052$gN0513048$2bound
=040  \\$aUk$beng$cUk$dUk
=042  \\$aukblsr
=082  04$a912.42142$223
=100  1\$aLane, H.,$esurveyor.
=245  10$aGround plan of an estate situate at Seven Dials, in the parish of St. Giles in the Fields, surveyed 1811 /$cby H. Lane, 1 London Street, Fitzroy Square ; Hewitt sc., 10 Picket Street.
=255  \\$aScale not given$c(W 1°52'22"--W 1°52'29"/N 51°30'52"--N 51°30'48").
=260  \\$c1811.
=300  \\$a1 map ;$c20 x 32 cm
=336  \\$acartographic image$2rdacontent
=337  \\$aunmediated$2rdamedia
=338  \\$asheet$2rdacarrier
=500  \\$aGround plan of properties on King Street, Great Earle Street and Queen Street. Properties numbered with leaseholders' and tenants' names reported.
=510  4\$aCrace, John Gregory, A catalogue of maps, plans and views of London, Westminster and Southwark collected and arranged by Frederick Crace (1878),$cno. 23, p. 106
=520  \\$aThis plan covers the area of the Seven Dials, a street formation of seven streets radiating from a central point. Thomas Neale, Master of the Mint began the development of the complex in 1693. The project was completed around 1710. In 1694 John Evelyn went to see the building work and commented on the star formation radiating from a point marked by a Doric pillar. This pillar was removed in 1773 as it had become a meeting place for criminals, partly due to a false rumour that a large sum of money had been buried at its base. Although intended as a smart residential area, it became the haunt of thieves and street vendors in the 18th and 19th centuries. The building of Shaftsbury Avenue and Charing Cross Road reduced the area to little more than a junction.
=650  \0$aReal property$zEngland$zLondon$vMaps.
=650  \0$aArchitecture$zEngland$zLondon$vMaps.
=651  \0$aSt. Giles in the Fields (London, England)$vMaps.
=651  \0$aLondon (England)$vMaps.
=655  \7$aMaps.$2fast$0(OCoLC)fst01423704
=700  1\$aCrace, Frederick,$d1779-1859,$eformer owner.
=700  1\$aCrace, John Gregory,$d1809-1889,$edonor.
=852  41$aBritish Library$bMAPS$jMaps Crace Port. 15.23.(1.)
=856  41$3Copy at Maps Crace Port. 15.23.(1.)$uhttp://www.bl.uk/onlinegallery/onlineex/crace/g/007zzz000000015u000230a0.html$yDigitised map
=985  \\$aUpgraded from BL georeferencer data 2022-11-17.
=985  \\$aRecord amended for WR1606-1727
=985  \\$aUpdated by MS generated file for WR2302-017
=CAT  \\$a12842$b40$c20130314$lBLL01$h1508
=CAT  \\$a12842$b40$c20130314$lBLL01$h1510
=CAT  \\$aWR13.117$c20130718$lBLL01$h1855
=CAT  \\$a12842$b40$c20131012$lBLL01$h1257
=CAT  \\$aW1606-1727$c20160825$lBLL01$h1742
=CAT  \\$a14185$b40$c20221201$lBLL01$h1818
=CAT  \\$a14185$b40$c20221204$lBLL01$h2010
=CAT  \\$aW2302-0174$c20230223$lBLL01$h1959
=FIN  \\$aY$d20130314
=FMT  \\$a  MP
=LAS  \\$aW2302-0174$b00$c20230223$lBLL01$h1959

