=LDR  02956cfm a2200553 a 4500
=001  016301287
=003  Uk
=005  20230223161724.0
=007  aj\aanzn
=008  130314q1795\\\\enk||||||\a\\\\\0\\\eng|\
=034  1\$aa$dW0015231$eW0015254$fN0513104$gN0513057$2bound
=040  \\$aUk$beng$cUk$dUk
=042  \\$aukblsr
=082  04$a912.42142$223
=100  1\$aChawner, Thomas,$d1774-1851,$esurveyor.
=245  13$a[A drawn plan of property belonging to the Crown in Holborn, from Newton Street to Little Turnstile]. /$cThis survey made by Thomas Chawner, surveyor to the Land Revenue.
=255  \\$aScale not given$c(W 1°52'31"--W 1°52'54"/N 51°31'04"--N 51°30'57").
=260  \\$c[1795]
=300  \\$a1 plan ;$c37 x 87 cm
=336  \\$acartographic image$2rdacontent
=337  \\$aunmediated$2rdamedia
=338  \\$avolume$2rdacarrier
=500  \\$aPen and ink on paper with additions in pencil.
=500  \\$aDate and title taken from A catalogue of maps, plans and views of London, Westminster and Southwark collected and arranged by Frederick Crace, 1878.
=500  \\$aShows the properties in Holborn area; leaseholders' names and dimensions reported.
=510  4\$aCrace, John Gregory, A catalogue of maps, plans and views of London, Westminster and Southwark collected and arranged by Frederick Crace (1878),$cno. 24, p. 107
=510  1\$aFrench, Josephine. Tooley's dictionary of mapmakers A-D (1999),$cp. 260
=520  \\$aThis is a house by house plan of the land off the Holborn Road. The dimensions of each house and the name of the person who lives there is recorded. The survey was carried out by Thomas Chawner who, along with James Pennethorne, produced the plans for the proposal for the new street between Oxford Street and Holborn.
=650  \0$aReal property$zEngland$zLondon$vMaps$vEarly works to 1800.
=651  \0$aHolborn (London, England)$vMaps$vEarly works to 1800.
=651  \0$aLondon (England)$vMaps$vEarly works to 1800.
=655  \7$aEarly maps.$2fast$0(OCoLC)fst01752681
=700  1\$aCrace, Frederick,$d1779-1859,$eformer owner.
=700  1\$aCrace, John Gregory,$d1809-1889,$edonor.
=852  41$aBritish Library$bMAPS$jMaps Crace Port. 15.24
=856  41$3Copy at Maps Crace Port. 15.24$uhttp://www.bl.uk/onlinegallery/onlineex/crace/other/007zzz000000015u00024000.html$yDigitised map
=985  \\$aUpgraded from BL georeferencer data 2022-11-17.
=985  \\$aRecord amended for WR1606-1727
=985  \\$aUpdated by MS generated file for WR2302-017
=CAT  \\$a12842$b40$c20130314$lBLL01$h1543
=CAT  \\$aWR13.117$c20130718$lBLL01$h1855
=CAT  \\$a12842$b40$c20131012$lBLL01$h1305
=CAT  \\$aW1606-1727$c20160825$lBLL01$h1742
=CAT  \\$a14185$b40$c20221201$lBLL01$h1819
=CAT  \\$a14185$b40$c20221204$lBLL01$h2011
=CAT  \\$aW2302-0174$c20230223$lBLL01$h1959
=FIN  \\$aY$d20130314
=FMT  \\$a  MP
=LAS  \\$aW2302-0174$b00$c20230223$lBLL01$h1959

