=LDR  03295cem a2200613 a 4500
=001  016301311
=003  Uk
=005  20230223161724.0
=007  aj\aanzn
=008  130311q1720\\\\enk||||||\a\\\\\0\\\eng|\
=034  1\$aa$b3400$dW0015232$eW0015343$fN0513131$gN0513055$2bound
=040  \\$aUk$beng$cUk$dUk
=042  \\$aukblsr
=082  04$a912.42142$223
=100  1\$aBlome, Richard,$d-1705.
=245  12$aA mapp of St. Andrews Holborn parish as well within the Liberty as without :$btaken from the last survey, with corrections and enlargments.
=255  \\$aScale approximately 1:3 400$c(W 1°52'32"--W 1°53'43"/N 51°31'31"--N 51°30'55").
=260  \\$a[London,$c1720]
=300  \\$a1 map ;$c36 x 29 cm
=336  \\$acartographic image$2rdacontent
=337  \\$aunmediated$2rdamedia
=338  \\$asheet$2rdacarrier
=500  \\$aFrom J. Strype's edition of J. Stow's Survey of the Cities of London and Westminster and borough of Southwark ..., published in 1720.
=500  \\$aTop right corner: V2, B6, P85.
=500  \\$aIn cartouche below title Blome's details, though burnished out, still partly visible.
=500  \\$aIncludes table of reference, left portion of plate.
=500  \\$aProminent buildings shown pictorially.
=510  4\$aCrace, John Gregory, A catalogue of maps, plans and views of London, Westminster and Southwark collected and arranged by Frederick Crace (1878),$cno. 26, p. 107
=510  4\$aFrench, Josephine. Tooley's dictionary of mapmakers A-D (1999),$cp. 151
=510  4\$aWorms, Laurence, Baynton-Williams, Ashley. British map engravers: a dictionary of engravers, lithographers and their principal employers,$bto 1850,$cpp. 90-91
=520  \\$aPlan of the Parish of St Andrew's, Holborn from the 1720 edition of Stow's survey of England. The plan features title in ornamental cartouche at top right and reference table down the left side of the plate. Lincolns Inn, one of the four Inns of Court, is shown in elevation. A pecked line encloses the parish.
=650  \0$aParishes$zEngland$zLondon$vMaps$vEarly works to 1800.
=651  \0$aHolborn (London, England)$vMaps$vEarly works to 1800.
=651  \0$aLondon (England)$vMaps$vEarly works to 1800.
=655  \7$aEarly maps.$2fast$0(OCoLC)fst01752681
=700  1\$aCrace, Frederick,$d1779-1859,$eformer owner.
=700  1\$aCrace, John Gregory,$d1809-1889,$edonor.
=852  41$aBritish Library$bMAPS$jMaps Crace Port. 15.26.(1.)
=856  41$3Copy at Maps Crace Port. 15.26.(1.)$uhttp://www.bl.uk/onlinegallery/onlineex/crace/a/007zzz000000015u000260a0.html$yDigitised map
=985  \\$aUpgraded from BL georeferencer data 2022-11-17.
=985  \\$aRecord amended for WR# 13/070
=985  \\$aRecord amended for WR1606-1727
=985  \\$aUpdated by MS generated file for WR2302-017
=CAT  \\$a12842$b40$c20130314$lBLL01$h1610
=CAT  \\$aWR13_070$b00$c20130504$lBLL01$h0341
=CAT  \\$aWR13.117$c20130718$lBLL01$h1855
=CAT  \\$a12842$b40$c20131012$lBLL01$h1314
=CAT  \\$aW1606-1727$c20160825$lBLL01$h1743
=CAT  \\$a14185$b40$c20221201$lBLL01$h1603
=CAT  \\$a14185$b40$c20221202$lBLL01$h1512
=CAT  \\$aW2302-0174$c20230223$lBLL01$h1959
=FIN  \\$aY$d20130314
=FMT  \\$a  MP
=LAS  \\$aW2302-0174$b00$c20230223$lBLL01$h1959

