=LDR  04185cfm a2200589 a 4500
=001  016305433
=003  Uk
=005  20230223161725.0
=007  aj\canzn
=008  130322q1752\\\\xx\||||||\a\\\\\0\\\eng|\
=034  1\$aa$dW0015247$eW0015300$fN0513123$gN0513116$2bound
=040  \\$aUk$beng$cUk$dUk
=042  \\$aukblsr
=082  04$a912.42142$223
=100  1\$aRobins, T.,$esurveyor.
=245  13$a[A drawn plan showing the houses in Great and Little Ormond Streets, Red Lyon Street, Lamb's Conduit Street, and Millman Street] /$cT. Robins del.
=255  \\$aScale not given$c(W 1°52'47"--W 1°53'00"/N 51°31'23"--N 51°31'16").
=260  \\$cMarch 25th 1752.
=300  \\$a1 plan :$bhand col. ;$c66 x 41 cm
=336  \\$acartographic image$2rdacontent
=337  \\$aunmediated$2rdamedia
=338  \\$avolume$2rdacarrier
=500  \\$aInk and watercolour with gold leaf on vellum.
=500  \\$aTitle taken from A catalogue of maps, plans and views of London, Westminster and Southwark collected and arranged by Frederick Crace.
=500  \\$aIn decorative cartouche at top centre: A X-mas 1686. A Lease of the Undermenshon.d ground was granted to Dr. Nich.s Barton, by the ffeofees of Rugby School for 50: y.rs at 50:P ann. and some-time after the Dr. assignes ye same to S.r W.m Milman Kt. and in 1720 by a decree in Chancery ye sd. ffeofees did Grant to S.r W.m a [illegible] term of 43 ys: from the expira:n of ye beformenshon.d Lease at 60P ann which sd. last lease will expire at Xmass 1779.
=500  \\$aPremises labelled and coloured for reference. Accompanied by a register of tenants including lease and rent details.
=510  4\$aCrace, John Gregory, A catalogue of maps, plans and views of London, Westminster and Southwark collected and arranged by Frederick Crace (1878),$cno. 27, p. 107
=520  \\$aThis plan is drawn on vellum and dates from 1752. It records the plans and ground rents of many individual dwellings in Great and Little Ormond Street, Red Lyon Street, Lamb's Conduit Street and Millman Street. The plan is flanked by corresponding tables listing the annual rents and expiration dates of the leases. The title and scale bar are presented in decorative cartouches and the compass rose is treated in the same ornamental fashion with gold detailing. In many of the dwelling outlines 'peppercorn' is written under the name of the occupant, referring to a low rent. Below the title is the following inscription: A Lease of the Undermenshoned ground was granted to Dr Nick Barton by the ffeofees of Rugby School for 50: y. rs at 50:P ann. And some-time after the Dr. Assigns ye same to S. r W. m Milman Kt. And in 1720 by a decree in Chanceryye. Ffeofees did Grant to S. r W. m a [cant read] term of 43 y: from the expira:n of ye beformenshond Lease at 60P ann which sd. last lease will expire at X mass 1779.
=650  \0$aReal property$zEngland$zLondon$vMaps$vEarly works to 1800.
=651  \0$aBloomsbury (London, England)$vMaps$vEarly works to 1800.
=651  \0$aLondon (England)$vMaps$vEarly works to 1800.
=655  \7$aEarly maps.$2fast$0(OCoLC)fst01752681
=700  1\$aCrace, Frederick,$d1779-1859,$eformer owner.
=700  1\$aCrace, John Gregory,$d1809-1889,$edonor.
=852  41$aBritish Library$bMAPS$jMaps Crace Port. 15.27
=856  41$3Copy at Maps Crace Port. 15.27$uhttp://www.bl.uk/onlinegallery/onlineex/crace/a/007000000000015u00027000.html$yDigitised map
=985  \\$aUpgraded from BL georeferencer data 2022-11-17.
=985  \\$aRecord amended for WR1606-1727
=985  \\$aUpdated by MS generated file for WR2302-017
=CAT  \\$a12842$b40$c20130322$lBLL01$h1353
=CAT  \\$a12842$b40$c20130322$lBLL01$h1421
=CAT  \\$a12842$b40$c20130703$lBLL01$h1510
=CAT  \\$aWR13.117$c20130718$lBLL01$h1855
=CAT  \\$a5100$b40$c20130723$lBLL01$h1300
=CAT  \\$a12842$b40$c20131012$lBLL01$h1317
=CAT  \\$aW1606-1727$c20160825$lBLL01$h1742
=CAT  \\$a14185$b40$c20221201$lBLL01$h2109
=CAT  \\$a14185$b40$c20221204$lBLL01$h2012
=CAT  \\$aW2302-0174$c20230223$lBLL01$h1959
=FIN  \\$aY$d20130322
=FMT  \\$a  MP
=LAS  \\$aW2302-0174$b00$c20230223$lBLL01$h1959

