=LDR  02556 em a2200517 a 4500
=001  016305466
=003  Uk
=005  20131012131914.0
=007  aj\aanzn
=008  130322q1725\\\\enk||||||\a\\\\\0\\\eng|\
=034  0\$aa
=040  \\$aUk$beng$cUk$dUk
=041  0\$aeng$afre
=042  \\$aukblsr
=082  04$a912.42142$223
=245  00$aPlan of ye first story of Powis House. The plan of ye second story.
=246  11$aPlan de premier estage. Plan du second estage
=255  \\$aScale not given.
=260  \\$a[London,$c1725]
=300  \\$a2 plans on 1 sheet ;$c25 x 38 cm
=336  \\$acartographic image$2rdacontent
=337  \\$aunmediated$2rdamedia
=338  \\$asheet$2rdacarrier
=500  \\$aDate in imprint and publisher's names taken from London illustrated, B. Adams.
=500  \\$aFrom vol. 1 of Vitruvius Britannicus, or the British Architect, published by Colen Campbell between 1715 and 1725. Further volumes using this title were congregated by Woolfe and Gandon, and published between 1767 and 1771.
=500  \\$aSupplies detailed plans of Powis House in Great Orland Street. Top right corner: p.41.
=500  \\$aPowis House was built in the 1690s for William Herbert, 2nd Marquess of Powis, on the northern side of Great Ormond Street. In January 1713 it was entirely destroyed by a fire; a replacement house was soon built.
=510  4\$aCrace, John Gregory, A catalogue of maps, plans and views of London, Westminster and Southwark collected and arranged by Frederick Crace (1878),$cno. 28, p. 107
=510  4\$aAdams, Bernard, London illustrated (1983),$b1604-1851,$cno. 24 (17), p. 49
=546  \\$aTitle given in English and French.
=650  \0$aArchitecture.
=651  \0$aBloomsbury (London, England)$xBuildings, structures, etc.$vMaps$vEarly works to 1800.
=655  \0$aEarly maps.
=700  1\$aCrace, Frederick,$d1779-1859,$eformer owner.
=700  1\$aCrace, John Gregory,$d1809-1889,$edonor.
=700  1\$aCampbell, Colen,$d1676-1729,$epublisher.
=852  41$aBritish Library$bMAPS$jMaps Crace Port. 15.28.(1.)
=856  41$3Copy at Maps Crace Port. 15.28.(1.)$uhttp://www.bl.uk/onlinegallery/onlineex/crace/other/007zzz000000015u000280a0.html$yDigitised map
=985  \\$aRecord amended for WR1606-1727
=CAT  \\$a12842$b40$c20130322$lBLL01$h1441
=CAT  \\$aWR13.117$c20130718$lBLL01$h1855
=CAT  \\$a12842$b40$c20131012$lBLL01$h1319
=CAT  \\$aW1606-1727$c20160825$lBLL01$h1743
=FIN  \\$aY$d20130322
=FMT  \\$a  MP
=LAS  \\$aW1606-1727$b00$c20160825$lBLL01$h1743

