=LDR  02116cfm a2200505 a 4500
=001  016305482
=003  Uk
=005  20230223161725.0
=007  aj\aanzn
=008  130322q1800\\\\xx\||||||\a\\\\\0\\\eng|\
=034  0\$aa
=040  \\$aUk$beng$cUk$dUk
=042  \\$aukblsr
=082  04$a912.42132$223
=245  03$a[A drawn plan of property on Long Acre].
=255  \\$aScale not given.
=260  \\$c[ca. 1800]
=300  \\$a1 plan :$bhand col. ;$c56 x 30 cm
=336  \\$acartographic image$2rdacontent
=337  \\$aunmediated$2rdamedia
=338  \\$avolume$2rdacarrier
=500  \\$aPen and ink with wash on paper. Unsigned and undated.
=500  \\$aIncluded in the Crace Collection but not listed in the Catalogue of maps, plans and views of London, Westminster and Southwark collected and arranged by Frederick Crace, published in 1878.
=500  \\$aSupplies ground plan of premises of Messrs. Lukin & Allin in Long Acre; labelled for reference with dimensions reported.
=650  \0$aReal property$zEngland$zLondon$vMaps.
=650  \0$aArchitectural drawing$zEngland$zLondon$vMaps.
=651  \0$aCovent Garden (London, England)$vMaps.
=651  \0$aWest End (London, England)$vMaps.
=651  \0$aLondon (England)$vMaps.
=655  \7$aMaps.$2fast$0(OCoLC)fst01423704
=700  1\$aCrace, Frederick,$d1779-1859,$eformer owner.
=700  1\$aCrace, John Gregory,$d1809-1889,$edonor.
=852  41$aBritish Library$bMAPS$jMaps Crace Port. 15.28.(2.)
=856  41$3Copy at Maps Crace Port. 15.28.(2.)$uhttp://www.bl.uk/onlinegallery/onlineex/crace/other/007zzz000000015u000280b0.html$yDigitised map
=985  \\$aRecord amended for WR1606-1727
=985  \\$aUpdated by MS generated file for WR2302-017
=CAT  \\$a12842$b40$c20130322$lBLL01$h1516
=CAT  \\$a12842$b40$c20130322$lBLL01$h1521
=CAT  \\$aWR13.117$c20130718$lBLL01$h1855
=CAT  \\$a12842$b40$c20131012$lBLL01$h1322
=CAT  \\$aW1606-1727$c20160825$lBLL01$h1742
=CAT  \\$aW2302-0174$c20230223$lBLL01$h1959
=FIN  \\$aY$d20130322
=FMT  \\$a  MP
=LAS  \\$aW2302-0174$b00$c20230223$lBLL01$h1959

