=LDR  02575cfm a2200553 a 4500
=001  016305506
=003  Uk
=005  20230223161725.0
=007  aj\canzn
=008  130322s1803\\\\xx\||||||\a\\\\\0\\\eng|\
=034  1\$aa$b1700$dW0015243$eW0015305$fN0513119$gN0513105$2bound
=040  \\$aUk$beng$cUk$dUk
=042  \\$aukblsr
=082  04$a912.42132$223
=245  02$aA plan of an estate belonging to the masters, governors and trustees of the Bedford Charity :$bsituated in the parish of St. Andrew Holborn and St. George the Martyr in the county of Middlesex.
=255  \\$aScale approximately 1:1 700$c(W 1°52'43"--W 1°53'05"/N 51°31'19"--N 51°31'05").
=260  \\$c1803.
=300  \\$a1 map :$bhand col. ;$c19 x 29 cm
=336  \\$acartographic image$2rdacontent
=337  \\$aunmediated$2rdamedia
=338  \\$asheet$2rdacarrier
=500  \\$aPen and ink with wash on paper. Unsigned, engraved version of this plan at Maps Crace Port. 15.30.
=500  \\$aShows the Bedford Charity property near Red Lion Square; coloured and labelled for reference.
=510  4\$aCrace, John Gregory, A catalogue of maps, plans and views of London, Westminster and Southwark collected and arranged by Frederick Crace (1878),$cno. 29, p. 107
=520  \\$aPlan of the property belonging to the Bedford Charity in Bloomsbury.
=610  20$aBedford Charity$vMaps.
=650  \0$aReal property$zEngland$zLondon$vMaps.
=651  \0$aHolborn (London, England)$vMaps.
=651  \0$aLondon (England)$vMaps.
=655  \7$aMaps.$2fast$0(OCoLC)fst01423704
=700  1\$aCrace, Frederick,$d1779-1859,$eformer owner.
=700  1\$aCrace, John Gregory,$d1809-1889,$edonor.
=852  41$aBritish Library$bMAPS$jMaps Crace Port. 15.29
=856  41$3Copy at Maps Crace Port. 15.29$uhttp://www.bl.uk/onlinegallery/onlineex/crace/a/007zzz000000015u00029000.html$yDigitised map
=985  \\$aUpgraded from BL georeferencer data 2022-11-17.
=985  \\$aRecord amended for WR1606-1727
=985  \\$aUpdated by MS generated file for WR2302-017
=CAT  \\$a12842$b40$c20130322$lBLL01$h1603
=CAT  \\$a12842$b40$c20130322$lBLL01$h1605
=CAT  \\$a12842$b40$c20130322$lBLL01$h1608
=CAT  \\$aWR13.117$c20130718$lBLL01$h1855
=CAT  \\$a12842$b40$c20131012$lBLL01$h1323
=CAT  \\$aW1606-1727$c20160825$lBLL01$h1742
=CAT  \\$a14185$b40$c20221201$lBLL01$h1820
=CAT  \\$a14185$b40$c20221204$lBLL01$h2013
=CAT  \\$aW2302-0174$c20230223$lBLL01$h1959
=FIN  \\$aY$d20130322
=FMT  \\$a  MP
=LAS  \\$aW2302-0174$b00$c20230223$lBLL01$h1959

