=LDR  02200cfm a2200517 a 4500
=001  016305517
=003  Uk
=005  20230223161725.0
=007  aj\aanzn
=008  130322s1813\\\\xx\||||||\a\\\\\0\\\eng|\
=034  1\$aa$b1700
=040  \\$aUk$beng$cUk$dUk
=042  \\$aukblsr
=082  04$a912.42132$223
=245  02$aA plan of an estate belonging to the masters, governors and trustees of the Bedford Charity :$bsituated in the parish of St. Andrew Holborn and St. George the Martyr in the county of Middlesex /$cW.F.
=255  \\$aScale [ca. 1:1,700].
=260  \\$c1813.
=300  \\$a1 map ;$c18 x 25 cm
=336  \\$acartographic image$2rdacontent
=337  \\$aunmediated$2rdamedia
=338  \\$asheet$2rdacarrier
=500  \\$aMS version of this plan at Maps Crace Port. 15.29.
=500  \\$aShows the Bedford Charity property near Red Lion Square; labelled for reference.
=510  4\$aCrace, John Gregory, A catalogue of maps, plans and views of London, Westminster and Southwark collected and arranged by Frederick Crace (1878),$cno. 30, p. 108
=610  20$aBedford Charity$vMaps.
=650  \0$aReal property$zEngland$zLondon$vMaps.
=651  \0$aHolborn (London, England)$vMaps.
=651  \0$aLondon (England)$vMaps.
=655  \7$aMaps.$2fast$0(OCoLC)fst01423704
=700  1\$aCrace, Frederick,$d1779-1859,$eformer owner.
=700  1\$aCrace, John Gregory,$d1809-1889,$edonor.
=852  41$aBritish Library$bMAPS$jMaps Crace Port. 15.30
=856  41$3Copy at Maps Crace Port. 15.30$uhttp://www.bl.uk/onlinegallery/onlineex/crace/a/007zzz000000015u00030000.html$yDigitised map
=985  \\$aRecord amended for WR1606-1727
=985  \\$aUpdated by MS generated file for WR2302-017
=CAT  \\$a12842$b40$c20130322$lBLL01$h1617
=CAT  \\$a12842$b40$c20130322$lBLL01$h1620
=CAT  \\$a12842$b40$c20130322$lBLL01$h1621
=CAT  \\$aWR13.117$c20130718$lBLL01$h1855
=CAT  \\$a12842$b40$c20131012$lBLL01$h1325
=CAT  \\$aW1606-1727$c20160825$lBLL01$h1742
=CAT  \\$a12842$b40$c20220615$lBLL01$h1128
=CAT  \\$aW2302-0174$c20230223$lBLL01$h1959
=FIN  \\$aY$d20130322
=FMT  \\$a  MP
=LAS  \\$aW2302-0174$b00$c20230223$lBLL01$h1959

