=LDR  02547cfm a2200541 a 4500
=001  016305536
=003  Uk
=005  20230223161725.0
=007  aj\canzn
=008  130322q1822\\\\enk||||||\a\\\\\0\\\eng|\
=034  0\$aa
=040  \\$aUk$beng$cUk$dUk
=042  \\$aukblsr
=082  04$a912.42132$223
=100  1\$aChawner, Thomas,$d1774-1851.
=245  10$aPlan of the Boar's Head Brewhouse, with three houses in front thereof, :$bsituate on the east side of Grays Inn Lane in the parish of St. Andrew, Holborn, London, belonging to the Corporation of the City of Bristol /$ctaken by Thos. Chawner.
=255  \\$aScale not given.
=260  \\$c[1822]
=300  \\$a1 map :$bhand col. ;$c66 x 49 cm
=336  \\$acartographic image$2rdacontent
=337  \\$aunmediated$2rdamedia
=338  \\$asheet$2rdacarrier
=500  \\$aPen and ink with wash on paper with additions in pencil.
=500  \\$aDate taken from pencil annotation below title.
=500  \\$aSupplies detailed plan of property in Gray's Inn Lane; coloured and labelled for reference with tenants' names and dimensions reported. Includes a key and an explanation note at bottom right.
=500  \\$aOriented with east at the top.
=510  4\$aCrace, John Gregory, A catalogue of maps, plans and views of London, Westminster and Southwark collected and arranged by Frederick Crace (1878),$cno. 31, p. 208
=510  1\$aFrench, Josephine. Tooley's dictionary of mapmakers A-D (1999),$cp. 260
=650  \0$aReal property$zEngland$zLondon$vMaps.
=650  \0$aArchitectural drawing$zEngland$zLondon$vMaps.
=650  \0$aArchitecture$zEngland$zLondon$vDesigns and plans.
=651  \0$aHolborn (London, England)$vMaps.
=651  \0$aLondon (England)$vMaps.
=655  \7$aMaps.$2fast$0(OCoLC)fst01423704
=700  1\$aCrace, Frederick,$d1779-1859,$eformer owner.
=700  1\$aCrace, John Gregory,$d1809-1889,$edonor.
=852  41$aBritish Library$bMAPS$jMaps Crace Port. 15.31
=856  41$3Copy at Maps Crace Port. 15.31$uhttp://www.bl.uk/onlinegallery/onlineex/crace/p/007zzz000000015u00031000.html$yDigitised map
=985  \\$aRecord amended for WR1606-1727
=985  \\$aUpdated by MS generated file for WR2302-017
=CAT  \\$a12842$b40$c20130322$lBLL01$h1639
=CAT  \\$aWR13.117$c20130718$lBLL01$h1855
=CAT  \\$a12842$b40$c20131012$lBLL01$h1327
=CAT  \\$aW1606-1727$c20160825$lBLL01$h1742
=CAT  \\$aW2302-0174$c20230223$lBLL01$h1959
=FIN  \\$aY$d20130322
=FMT  \\$a  MP
=LAS  \\$aW2302-0174$b00$c20230223$lBLL01$h1959

