=LDR  02435cem a2200529 a 4500
=001  016305572
=003  Uk
=005  20230223161725.0
=007  aj\aanzn
=008  130322q1785\\\\enk||||||\a\\\\\0\\\eng|\
=034  0\$aa
=040  \\$aUk$beng$cUk$dUk
=042  \\$aukblsr
=082  04$a912.42132$223
=245  00$aEly House.
=255  \\$aScale not given.
=260  \\$a[London] :$bprinted for S. Hooper,$c[1785]
=300  \\$a1 plan ;$c23 x 14 cm
=336  \\$acartographic image$2rdacontent
=337  \\$aunmediated$2rdamedia
=338  \\$avolume$2rdacarrier
=500  \\$aFrom vol. 3 of The antiquities of England and Wales by Francis Grose, first published between 1773 and 1787.
=500  \\$aDate in imprint taken from London illustrated: 1604-1851, B. Adams.
=500  \\$aSupplies plan of the Ely House with grounds. Between 1290 and 1772 Ely House was the London residence of the Bishops of Ely. It was was demolished in 1772.
=510  4\$aCrace, John Gregory, A catalogue of maps, plans and views of London, Westminster and Southwark collected and arranged by Frederick Crace (1878),$cno. 33, p. 108
=510  4\$aAdams, Bernard. London illustrated,$b1604-1851,$cno. 50 (5), pp. 123-124
=510  4\$aFrench, Josephine. Tooley's dictionary of mapmakers E-J (2001),$cp. 371
=650  \0$aArchitecture$zEngland$zLondon$vDesigns and plans$vEarly works to 1800.
=651  \0$aHolborn (London, England)$vMaps$vEarly works to 1800.
=651  \0$aLondon (England)$vMaps$vEarly works to 1800.
=655  \7$aEarly maps.$2fast$0(OCoLC)fst01752681
=700  1\$aHooper, S.$q(Samuel),$epublisher.
=700  1\$aCrace, Frederick,$d1779-1859,$eformer owner.
=700  1\$aCrace, John Gregory,$d1809-1889,$edonor.
=700  1\$aGrose, Francis,$d1731?-1791,$epublisher.
=852  41$aBritish Library$bMAPS$jMaps Crace Port. 15.33
=856  41$3Copy at Maps Crace Port. 15.33$uhttp://www.bl.uk/onlinegallery/onlineex/crace/e/007zzz000000015u00033000.html$yDigitised map
=985  \\$aRecord amended for WR1606-1727
=985  \\$aUpdated by MS generated file for WR2302-017
=CAT  \\$a12842$b40$c20130322$lBLL01$h1755
=CAT  \\$aWR13.117$c20130718$lBLL01$h1855
=CAT  \\$a12842$b40$c20131012$lBLL01$h1330
=CAT  \\$aW1606-1727$c20160825$lBLL01$h1742
=CAT  \\$aW2302-0174$c20230223$lBLL01$h1959
=FIN  \\$aY$d20130322
=FMT  \\$a  MP
=LAS  \\$aW2302-0174$b00$c20230223$lBLL01$h1959

