=LDR  02082cem a2200493 i 4500
=001  016306662
=003  Uk
=005  20230223161726.0
=007  aj\aanzn
=008  130325s1823\\\\enk||||||\a\\\\\0\\\eng|\
=034  0\$aa
=040  \\$aUk$beng$cUk$dUk$erda
=042  \\$aukblsr
=082  04$a912.42132$223
=100  1\$aJones, G. H.,$eengraver.
=245  10$aGround plan of Furnivals Inn /$cT. Grissoll delt. ; G. H. Jones sculpt.
=255  \\$aScale not given.
=264  \1$a[London] :$b[publisher not identified],$c1823.
=300  \\$a1 map ;$c18 x 11 cm
=336  \\$acartographic image$2rdacontent
=337  \\$aunmediated$2rdamedia
=338  \\$asheet$2rdacarrier
=500  \\$aPublished in 1823 for The student's guide through Lincoln's Inn by Thomas Lane. Imprint taken from title page.
=500  \\$aSupplies ground plan of Furnival's Inn in Holborn; numbered for reference.
=510  4\$aCrace, John Gregory, A catalogue of maps, plans and views of London, Westminster and Southwark collected and arranged by Frederick Crace (1878),$cnumber 38, page 108
=650  \0$aArchitecture$zEngland$zLondon$vDesigns and plans.
=651  \0$aHolborn (London, England)$vMaps.
=651  \0$aLondon (England)$vMaps.
=655  \7$aMaps.$2fast$0(OCoLC)fst01423704
=700  1\$aCrace, Frederick,$d1779-1859,$eformer owner.
=700  1\$aCrace, John Gregory,$d1809-1889,$edonor.
=852  41$aBritish Library$bMAPS$jMaps Crace Port. 15.35
=856  41$3Copy at Maps Crace Port. 15.35$uhttp://www.bl.uk/onlinegallery/onlineex/crace/g/007000000000015u00035000.html$yDigitised map
=985  \\$aRecord amended for WR1606-1727
=985  \\$aUpdated by MS generated file for WR2302-017
=CAT  \\$a12842$b40$c20130325$lBLL01$h1413
=CAT  \\$a12842$b40$c20130325$lBLL01$h1418
=CAT  \\$aWR13.117$c20130718$lBLL01$h1855
=CAT  \\$a12842$b40$c20131012$lBLL01$h1338
=CAT  \\$aW1606-1727$c20160825$lBLL01$h1742
=CAT  \\$aW2302-0174$c20230223$lBLL01$h1959
=FIN  \\$aY$d20130325
=FMT  \\$a  MP
=LAS  \\$aW2302-0174$b00$c20230223$lBLL01$h1959

