=LDR  03494cem a2200637 i 4500
=001  016306666
=003  Uk
=005  20230223161726.0
=007  aj\aanzn
=008  130325q1720\\\\enk||||||\a\\\\\0\\\eng|\
=034  1\$aa$b3800$dW0015312$eW0015406$fN0513153$gN0513110$2bound
=040  \\$aUk$beng$cUk$dUk$erda
=042  \\$aukblsr
=082  04$a912.42143$223
=100  1\$aBlome, Richard,$d-1705.
=245  14$aThe parish of St. James Clerkenwell :$btaken from ye last survey with corrections.
=255  \\$aScale approximately 1:3 800$c(W 1°53'12"--W 1°54'06"/N 51°31'53"--N 51°31'10").
=264  \1$a[London],$c[1720]
=300  \\$a1 map ;$c36 x 29 cm
=336  \\$acartographic image$2rdacontent
=337  \\$aunmediated$2rdamedia
=338  \\$asheet$2rdacarrier
=500  \\$aFrom vol. 2 of J. Strype's edition of J. Stow's Survey of the Cities of London and Westminster and borough of Southwark ..., published in 1720.
=500  \\$aTop right corner: V2, B4, P63.
=500  \\$aIncludes table of reference, bottom left.
=510  4\$aCrace, John Gregory, A catalogue of maps, plans and views of London, Westminster and Southwark collected and arranged by Frederick Crace (1878),$cnumber 37, page 109
=510  4\$aFrench, Josephine. Tooley's dictionary of mapmakers A-D (1999),$cpage 151
=510  4\$aWorms, Laurence, Baynton-Williams, Ashley. British map engravers: a dictionary of engravers, lithographers and their principal employers,$bto 1850,$cpages 90-91
=520  \\$aThis is the second edition of the plan of the parish of St. James, Clerkenwell by Richard Blome. Sadler's Well's is marked on the map near the top of the sheet. Built in 1683, at the time of the publication of this map, it was little more than a small music hall acting as a side attraction to a medicinal spa. Although visited by 500 people a day at the height of the spa's popularity, by 1687 it had fallen into disrepair. It was restored in 1746 by a local builder, Thomas Rosoman.
=650  \0$aParishes$zEngland$zLondon$vMaps$vEarly works to 1800.
=651  \0$aClerkenwell (London, England)$vMaps$vEarly works to 1800.
=651  \0$aIslington (London, England)$vMaps$vEarly works to 1800.
=651  \0$aLondon (England)$vMaps$vEarly works to 1800.
=655  \7$aEarly maps.$2fast$0(OCoLC)fst01752681
=700  1\$aCrace, Frederick,$d1779-1859,$eformer owner.
=700  1\$aCrace, John Gregory,$d1809-1889,$edonor.
=852  41$aBritish Library$bMAPS$jMaps Crace Port. 15.37.(1.)
=856  41$3Copy at Maps Crace Port. 15.37.(1.)$uhttp://www.bl.uk/onlinegallery/onlineex/crace/t/007000000000015u000370a0.html$yDigitised map
=985  \\$aUpgraded from BL georeferencer data 2022-11-17.
=985  \\$aRecord amended for WR# 13/070
=985  \\$aRecord amended for WR1606-1727
=985  \\$aUpdated by MS generated file for WR2302-017
=CAT  \\$a12842$b40$c20130325$lBLL01$h1414
=CAT  \\$a12842$b40$c20130325$lBLL01$h1510
=CAT  \\$a12842$b40$c20130325$lBLL01$h1526
=CAT  \\$a12842$b40$c20130409$lBLL01$h1656
=CAT  \\$aWR13_070$b00$c20130504$lBLL01$h0342
=CAT  \\$aWR13.117$c20130718$lBLL01$h1855
=CAT  \\$a12842$b40$c20131012$lBLL01$h1344
=CAT  \\$aW1606-1727$c20160825$lBLL01$h1743
=CAT  \\$a14185$b40$c20221201$lBLL01$h1603
=CAT  \\$a14185$b40$c20221202$lBLL01$h1513
=CAT  \\$aW2302-0174$c20230223$lBLL01$h1959
=FIN  \\$aY$d20130325
=FMT  \\$a  MP
=LAS  \\$aW2302-0174$b00$c20230223$lBLL01$h1959

