=LDR  02546cem a2200541 i 4500
=001  016306754
=003  Uk
=005  20230223161726.0
=007  aj\aanzn
=008  130325s1755\\\\enk||||||\a\\\\\0\\\eng|\
=034  0\$aa
=040  \\$aUk$beng$cUk$dUk$erda
=042  \\$aukblsr
=082  04$a912.42143$223
=245  02$aA map of St. Sepulchers without Charter House liberty and Clarkenwell parish.
=255  \\$aScale not given.
=264  \1$a[London],$c1755.
=300  \\$a1 map ;$c27 x 37 cm
=336  \\$acartographic image$2rdacontent
=337  \\$aunmediated$2rdamedia
=338  \\$asheet$2rdacarrier
=500  \\$aFrom J. Strype's edition of J. Stow's Survey of the cities of London and Westminster ..., published in 1754-56.
=500  \\$aBelow map: Publish'd according to Act of Parliament 1755 for Stow's Survey, 86.
=500  \\$aIncludes table of reference, left centre and bottom right.
=510  4\$aCrace, John Gregory, A catalogue of maps, plans and views of London, Westminster and Southwark collected and arranged by Frederick Crace (1878),$cnumber 37, page 109
=510  4\$aFrench, Josephine. Tooley's dictionary of mapmakers A-D (1999),$cpage 151
=510  4\$aWorms, Laurence, Baynton-Williams, Ashley. British map engravers: a dictionary of engravers, lithographers and their principal employers,$bto 1850,$cpages 90-91
=650  \0$aParishes$zEngland$zLondon$vMaps$vEarly works to 1800.
=651  \0$aClerkenwell (London, England)$vMaps$vEarly works to 1800.
=651  \0$aIslington (London, England)$vMaps$vEarly works to 1800.
=651  \0$aLondon (England)$vMaps$vEarly works to 1800.
=655  \7$aEarly maps.$2fast$0(OCoLC)fst01752681
=700  1\$aCrace, Frederick,$d1779-1859,$eformer owner.
=700  1\$aCrace, John Gregory,$d1809-1889,$edonor.
=700  1\$aStow, John,$d1525?-1605.
=700  1\$aStrype, John,$d1643-1737,$eeditor.
=852  41$aBritish Library$bMAPS$jMaps Crace Port. 15.37.(2.)
=856  41$3Copy at Maps Crace Port. 15.37.(2.)$uhttp://www.bl.uk/onlinegallery/onlineex/crace/a/007000000000015u000370b0.html$yDigitised map
=985  \\$aRecord amended for WR1606-1727
=985  \\$aUpdated by MS generated file for WR2302-017
=CAT  \\$a12842$b40$c20130325$lBLL01$h1532
=CAT  \\$aWR13.117$c20130718$lBLL01$h1855
=CAT  \\$a12842$b40$c20131012$lBLL01$h1346
=CAT  \\$aW1606-1727$c20160825$lBLL01$h1742
=CAT  \\$aW2302-0174$c20230223$lBLL01$h1959
=FIN  \\$aY$d20130325
=FMT  \\$a  MP
=LAS  \\$aW2302-0174$b00$c20230223$lBLL01$h1959

