=LDR  02473cem a2200541 i 4500
=001  016306798
=003  Uk
=005  20230223161726.0
=007  aj\canzn
=008  130325s1805\\\\enk||||||\a\\\\\0\\\eng|\
=034  0\$aa
=040  \\$aUk$beng$cUk$dUk$erda
=042  \\$aukblsr
=082  04$a912.42143$223
=100  1\$aTyrer, J.$q(James),$eengraver.
=245  10$aClerkenwell.
=255  \\$aScale not given.
=264  \1$aLondon :$bpublish'd by R. Wilkinson, no. 58 Cornhill,$cJune 1, 1805.
=300  \\$a1 map :$bcolour ;$c22 x 24 cm
=336  \\$acartographic image$2rdacontent
=337  \\$aunmediated$2rdamedia
=338  \\$asheet$2rdacarrier
=500  \\$aContains dedication from James Tyrer to the inhabitants of Clerkenwell.
=500  \\$aIncludes panel with historical description of Clerkenwell parish and two views of parish church. Numbered for reference with a key at upper right.
=510  4\$aCrace, John Gregory, A catalogue of maps, plans and views of London, Westminster and Southwark collected and arranged by Frederick Crace (1878),$cnumber 38, page 109
=510  4\$aScott, Valerie. Tooley's dictionary of mapmakers Q-Z (2004),$cpage 298 ; page 389
=510  4\$aWorms, Laurence, Baynton-Williams, Ashley. British map engravers: a dictionary of engravers, lithographers and their principal employers,$bto 1850,$cpage 678
=650  \0$aParishes$zEngland$zLondon$vMaps.
=651  \0$aClerkenwell (London, England)$vMaps.
=651  \0$aIslington (London, England)$vMaps.
=651  \0$aLondon (England)$vMaps.
=655  \7$aMaps.$2fast$0(OCoLC)fst01423704
=700  1\$aCrace, Frederick,$d1779-1859,$eformer owner.
=700  1\$aCrace, John Gregory,$d1809-1889,$edonor.
=700  1\$aWilkinson, Robert,$d-approximately 1825,$epublisher.
=852  41$aBritish Library$bMAPS$jMaps Crace Port. 15.38
=856  41$3Copy at Maps Crace Port. 15.38$uhttp://www.bl.uk/onlinegallery/onlineex/crace/c/007000000000015u00038000.html$yDigitised map
=985  \\$aRecord amended for WR1606-1727
=985  \\$aUpdated by MS generated file for WR2302-017
=CAT  \\$a12842$b40$c20130325$lBLL01$h1634
=CAT  \\$a12842$b40$c20130325$lBLL01$h1650
=CAT  \\$aWR13.117$c20130718$lBLL01$h1855
=CAT  \\$a12842$b40$c20131012$lBLL01$h1348
=CAT  \\$aW1606-1727$c20160825$lBLL01$h1742
=CAT  \\$aW2302-0174$c20230223$lBLL01$h1959
=FIN  \\$aY$d20130325
=FMT  \\$a  MP
=LAS  \\$aW2302-0174$b00$c20230223$lBLL01$h1959

