=LDR  03140cem a2200577 i 4500
=001  016306814
=003  Uk
=005  20230223161726.0
=007  aj\canzn
=008  130325s1805\\\\enk||||||\a\\\\\0\\\eng|\
=034  1\$aa$dW0015224$eW0015541$fN0513318$gN0513139$2bound
=040  \\$aUk$beng$cUk$dUk$erda
=042  \\$aukblsr
=082  04$a912.42143$223
=100  1\$aBaker, B.$q(Benjamin),$dactive 1766-1824,$eengraver,$epublisher.
=245  10$aIslington /$cE. Baker del. ; B. Baker sculp.
=255  \\$aScale not given$c(W 1°52'24"--W 1°55'41"/N 51°33'18"--N 51°31'39").
=264  \1$aLondon :$bpublished by Benjamin Baker, Lower Street, Islington and by R. Wilkinson, Cornhill,$cJan.y 27th, 1805.
=300  \\$a1 map :$bcolour ;$c25 x 30 cm
=336  \\$acartographic image$2rdacontent
=337  \\$aunmediated$2rdamedia
=338  \\$asheet$2rdacarrier
=500  \\$aContains dedication from Edward Baker and Benjamin Baker to the inhabitants of Clerkenwell.
=500  \\$aIncludes inset map and panel with historical description of St Mary Islington parish. Numbered for reference with a key at bottom right.
=510  4\$aCrace, John Gregory, A catalogue of maps, plans and views of London, Westminster and Southwark collected and arranged by Frederick Crace (1878),$cnumber 48, page 110
=510  4\$aFrench, Josephine. Tooley's dictionary of mapmakers A-D (1999),$cpage 72
=510  4\$aScott, Valerie. Tooley's dictionary of mapmakers Q-Z (2004),$cpage 389
=510  4\$aWorms, Laurence, Baynton-Williams, Ashley. British map engravers: a dictionary of engravers, lithographers and their principal employers,$bto 1850,$cpages 37-38
=520  \\$aMap of the borough of Islington with inset plan of the parish of St Mary's on the left of the plate and note giving information about the borough down the right side of the plate. The plan shows the New River, a man made water course supplying London with fresh water from Hertfordshire.
=650  \0$aParishes$zEngland$zLondon$vMaps.
=651  \0$aIslington (London, England)$vMaps.
=651  \0$aLondon (England)$vMaps.
=655  \7$aMaps.$2fast$0(OCoLC)fst01423704
=700  1\$aCrace, Frederick,$d1779-1859,$eformer owner.
=700  1\$aCrace, John Gregory,$d1809-1889,$edonor.
=700  1\$aWilkinson, Robert,$d-approximately 1825,$epublisher.
=852  41$aBritish Library$bMAPS$jMaps Crace Port. 15.48
=856  41$3Copy at Maps Crace Port. 15.48$uhttp://www.bl.uk/onlinegallery/onlineex/crace/i/007000000000015u00048000.html$yDigitised map
=985  \\$aUpgraded from BL georeferencer data 2022-11-17.
=985  \\$aRecord amended for WR1606-1727
=985  \\$aUpdated by MS generated file for WR2302-017
=CAT  \\$a12842$b40$c20130325$lBLL01$h1653
=CAT  \\$aWR13.117$c20130718$lBLL01$h1855
=CAT  \\$a12842$b40$c20131012$lBLL01$h1409
=CAT  \\$aW1606-1727$c20160825$lBLL01$h1742
=CAT  \\$a14185$b40$c20221201$lBLL01$h1603
=CAT  \\$a14185$b40$c20221202$lBLL01$h1514
=CAT  \\$aW2302-0174$c20230223$lBLL01$h1959
=FIN  \\$aY$d20130325
=FMT  \\$a  MP
=LAS  \\$aW2302-0174$b00$c20230223$lBLL01$h1959

