=LDR  02438cem a2200517 i 4500
=001  016306824
=003  Uk
=005  20230223161726.0
=007  aj\canzn
=008  130325q1818\\\\xx\||||||\a\\\\\0\\\eng|\
=034  1\$aa$dW0015347$eW0015357$fN0513130$gN0513124$2bound
=040  \\$aUk$beng$cUk$dUk$erda
=042  \\$aukblsr
=082  04$a912.42143$223
=245  00$aPlan of a brewery and premises situate in St Johns Street, Clerkenwell :$bto be sold by auction by Shuttleworth and Stevens, March 5, 1818.
=255  \\$aScale not given$c(W 1°53'47"--W 1°53'57"/N 51°31'30"--N 51°31'24").
=264  \1$a[Place of publication not identified] :$b[publisher not identified],$c[1818]
=300  \\$a1 plan :$bcolour ;$c42 x 33 cm
=336  \\$acartographic image$2rdacontent
=337  \\$aunmediated$2rdamedia
=338  \\$asheet$2rdacarrier
=500  \\$aPremises labelled and coloured for reference with dimensions given.
=510  4\$aCrace, John Gregory, A catalogue of maps, plans and views of London, Westminster and Southwark collected and arranged by Frederick Crace (1878),$cnumber 39, page 109
=520  \\$aThis is a plan of a brewery in St John's Street, Clerkenwell to be sold at action. The different pastel colours denote the different lots to be sold.
=650  \0$aReal property$zEngland$zLondon$vMaps.
=650  \0$aAuctions$zEngland$zLondon$vMaps.
=651  \0$aClerkenwell (London, England)$vMaps.
=651  \0$aLondon (England)$vMaps.
=655  \7$aMaps.$2fast$0(OCoLC)fst01423704
=700  1\$aCrace, Frederick,$d1779-1859,$eformer owner.
=700  1\$aCrace, John Gregory,$d1809-1889,$edonor.
=852  41$aBritish Library$bMAPS$jMaps Crace Port. 15.39
=856  41$3Copy at Maps Crace Port. 15.39$uhttp://www.bl.uk/onlinegallery/onlineex/crace/p/007000000000015u00039000.html$yDigitised map
=985  \\$aUpgraded from BL georeferencer data 2022-11-17.
=985  \\$aRecord amended for WR1606-1727
=985  \\$aUpdated by MS generated file for WR2302-017
=CAT  \\$a12842$b40$c20130325$lBLL01$h1710
=CAT  \\$aWR13.117$c20130718$lBLL01$h1855
=CAT  \\$a12842$b40$c20131012$lBLL01$h1352
=CAT  \\$aW1606-1727$c20160825$lBLL01$h1742
=CAT  \\$a14185$b40$c20221201$lBLL01$h1820
=CAT  \\$a14185$b40$c20221204$lBLL01$h2013
=CAT  \\$aW2302-0174$c20230223$lBLL01$h1959
=FIN  \\$aY$d20130325
=FMT  \\$a  MP
=LAS  \\$aW2302-0174$b00$c20230223$lBLL01$h1959

