=LDR  02606cem a2200529 i 4500
=001  016306829
=003  Uk
=005  20230223161726.0
=007  aj\aanzn
=008  130325q1812\\\\xx\||||||\a\\\\\0\\\eng|\
=034  1\$aa$dW0015344$eW0015354$fN0513112$gN0513109$2bound
=040  \\$aUk$beng$cUk$dUk$erda
=042  \\$aukblsr
=082  04$a912.42143$223
=245  00$a[Plan of property in St John Street, Greenhill Rents and Cow Cross].
=255  \\$aScale not given$c(W 1°53'44"--W 1°53'54"/N 51°31'12"--N 51°31'09").
=264  \1$a[Place of publication not identified] :$b[publisher not identified],$c[1812]
=300  \\$a1 plan ;$c32 x 28 cm
=336  \\$acartographic image$2rdacontent
=337  \\$aunmediated$2rdamedia
=338  \\$asheet$2rdacarrier
=500  \\$aUnsigned. Title and date taken from A catalogue of maps, plans and views of London, Westminster and Southwark collected and arranged by Frederick Crace, 1878.
=500  \\$aIncludes inset with a plan of property on St John Street; premises numbered for reference.
=510  4\$aCrace, John Gregory, A catalogue of maps, plans and views of London, Westminster and Southwark collected and arranged by Frederick Crace (1878),$cnumber 40, page 109.
=520  \\$aPlan of properties along Greenhill Rents and Cow Cross, Clerkenwell, with inset plan at top left showing properties on St John's Street. Orientation points are marked on the borders of the sheet.
=650  \0$aReal property$zEngland$zLondon$vMaps.
=651  \0$aClerkenwell (London, England)$vMaps.
=651  \0$aLondon (England)$vMaps.
=655  \7$aMaps.$2fast$0(OCoLC)fst01423704
=700  1\$aCrace, Frederick,$d1779-1859,$eformer owner.
=700  1\$aCrace, John Gregory,$d1809-1889,$edonor.
=852  41$aBritish Library$bMAPS$jMaps Crace Port. 15.40
=856  41$3Copy at Maps Crace Port. 15.40$uhttp://www.bl.uk/onlinegallery/onlineex/crace/other/007000000000015u00040000.html$yDigitised map
=985  \\$aUpgraded from BL georeferencer data 2022-11-17.
=985  \\$aRecord amended for WR1606-1727
=985  \\$aUpdated by MS generated file for WR2302-017
=CAT  \\$a12842$b40$c20130325$lBLL01$h1722
=CAT  \\$aWR13.117$c20130718$lBLL01$h1855
=CAT  \\$a12842$b40$c20131012$lBLL01$h1355
=CAT  \\$a12842$b40$c20131012$lBLL01$h1356
=CAT  \\$aW1606-1727$c20160825$lBLL01$h1742
=CAT  \\$a14185$b40$c20221201$lBLL01$h1820
=CAT  \\$a14185$b40$c20221204$lBLL01$h2014
=CAT  \\$aW2302-0174$c20230223$lBLL01$h1959
=FIN  \\$aY$d20130325
=FMT  \\$a  MP
=LAS  \\$aW2302-0174$b00$c20230223$lBLL01$h1959

