=LDR  02476cem a2200529 i 4500
=001  016307185
=003  Uk
=005  20230223161726.0
=007  aj\aanzn
=008  130326s1799\\\\enk||||||\a\\\\\0\\\eng|\
=034  0\$aa
=040  \\$aUk$beng$cUk$dUk$erda
=042  \\$aukblsr
=082  04$a912.42143$223
=100  1\$aRichardson, George,$eengraver,$epublisher.
=245  10$aPlans of the Session-House for the county of Middlesex, London /$cTho.s Rogers, archt.
=255  \\$aScale not given.
=264  \1$aLondon :$bengraved & published by George Richardson,$cMarch 30th, 1799.
=300  \\$a1 plan ;$c27 x 39 cm
=336  \\$acartographic image$2rdacontent
=337  \\$aunmediated$2rdamedia
=338  \\$asheet$2rdacarrier
=500  \\$aSupplies two detailed plans of ground and first floors of the Middlesex Sessions House; labelled for reference with dimensions given.
=500  \\$aMiddlesex Sessions House on Clerkenwell Green was built between 1779 and 1782 to Thomas Rogers' design.
=510  4\$aCrace, John Gregory, A catalogue of maps, plans and views of London, Westminster and Southwark collected and arranged by Frederick Crace (1878),$cnumber 41, page 109
=650  \0$aPublic buildings$zEngland$zLondon$vMaps$vEarly works to 1800.
=650  \0$aArchitecture$zEngland$zLondon$xBuildings, structures, etc.$vMaps$vEarly works to 1800.
=651  \0$aClerkenwell (London, England)$vMaps$vEarly works to 1800.
=651  \0$aLondon (England)$vMaps$vEarly works to 1800.
=651  \0$aIslington (London, England)$vMaps$vEarly works to 1800.
=655  \7$aEarly maps.$2fast$0(OCoLC)fst01752681
=700  1\$aCrace, Frederick,$d1779-1859,$eformer owner.
=700  1\$aCrace, John Gregory,$d1809-1889,$edonor.
=700  1\$aRogers, Thomas,$earchitect.
=852  41$aBritish Library$bMAPS$jMaps Crace Port. 15.41
=856  41$3Copy at Maps Crace Port. 15.41$uhttp://www.bl.uk/onlinegallery/onlineex/crace/p/007000000000015u00041000.html$yDigitised map
=985  \\$aRecord amended for WR1606-1727
=985  \\$aUpdated by MS generated file for WR2302-017
=CAT  \\$a12842$b40$c20130326$lBLL01$h1144
=CAT  \\$a12842$b40$c20130326$lBLL01$h1147
=CAT  \\$aWR13.117$c20130718$lBLL01$h1855
=CAT  \\$a12842$b40$c20131012$lBLL01$h1358
=CAT  \\$aW1606-1727$c20160825$lBLL01$h1742
=CAT  \\$aW2302-0174$c20230223$lBLL01$h1959
=FIN  \\$aY$d20130326
=FMT  \\$a  MP
=LAS  \\$aW2302-0174$b00$c20230223$lBLL01$h1959

