=LDR  03508cem a2200625 i 4500
=001  016307264
=003  Uk
=005  20230223161726.0
=007  aj\aanzn
=008  130326s1792\\\\enk||||||\a\\\\\0\\\eng|\
=034  1\$aa$b1450$dW0015338$eW0015349$fN0513133$gN0513123$2bound
=040  \\$aUk$beng$cUk$dUk$erda
=042  \\$aukblsr
=082  04$a912.42143$223
=100  1\$aLowell$c(Engraver),$eengraver.
=245  10$aPlan of the estate of Tho.s Seckford, Esq. lying in Clerkenwell in the county of Middlesex :$bgiven for the support of his Alms-houses at Woodbridge, in Suffolk. 1587. Taken in 1764 /$cLowell sculpt.
=255  \\$aScale approximately 1:1,450$c(W 1°53'38"--W 1°53'49"/N 51°31'33"--N 51°31'23").
=264  \1$aWoodbridge :$bpublished by R. Loder,$c1792.
=300  \\$a1 map ;$c18 x 25 cm
=336  \\$acartographic image$2rdacontent
=337  \\$aunmediated$2rdamedia
=338  \\$asheet$2rdacarrier
=500  \\$aEstate divided into individual lots lettered for reference with lease details listed at lower left.
=510  4\$aCrace, John Gregory, A catalogue of maps, plans and views of London, Westminster and Southwark collected and arranged by Frederick Crace (1878),$cnumber 42, page 109
=510  4\$aWorms, Laurence, Baynton-Williams, Ashley. British map engravers: a dictionary of engravers, lithographers and their principal employers,$bto 1850,$cpage 415
=520  \\$aThis is a plan of Thomas Seckford's estate in Clerkenwell. A note at bottom left states that the estate is to be leased in 6 parts for 60 years each. It seems that there was intention to colour the plan as the key refers to colours. 'New Prison' is marked just left of the cartouche. Clerkenwell Bridewell was built in 1616 as an overflow for Bridewell and was hence known as 'New Prison'. An additional 'New Prison' was built adjacent to it later in the century to relieve pressure on Newgate.
=650  \0$aReal property$zEngland$zLondon$vMaps$vEarly works to 1800.
=651  \0$aClerkenwell (London, England)$vMaps$vEarly works to 1800.
=651  \0$aIslington (London, England)$vMaps$vEarly works to 1800.
=651  \0$aLondon (England)$vMaps$vEarly works to 1800.
=655  \7$aEarly maps.$2fast$0(OCoLC)fst01752681
=700  1\$aCrace, Frederick,$d1779-1859,$eformer owner.
=700  1\$aCrace, John Gregory,$d1809-1889,$edonor.
=852  41$aBritish Library$bMAPS$jMaps Crace Port. 15.42
=856  41$3Copy at Maps Crace Port. 15.42$uhttp://www.bl.uk/onlinegallery/onlineex/crace/p/007000000000015u00042000.html$yDigitised map
=985  \\$aUpgraded from BL georeferencer data 2022-11-17.
=985  \\$aRecord amended for WR# 13/070
=985  \\$aRecord amended for WR1606-1727
=985  \\$aUpdated by MS generated file for WR2302-017
=CAT  \\$a12842$b40$c20130326$lBLL01$h1355
=CAT  \\$a12842$b40$c20130326$lBLL01$h1408
=CAT  \\$aWR13_070$b00$c20130504$lBLL01$h0342
=CAT  \\$aWR13_070C$c20130611$lBLL01$h1859
=CAT  \\$a12842$b40$c20130703$lBLL01$h1446
=CAT  \\$aWR13.117$c20130718$lBLL01$h1855
=CAT  \\$a5100$b40$c20130919$lBLL01$h1523
=CAT  \\$aBATCH-UPD$b40$c20131011$lBLL01$h2059
=CAT  \\$a12842$b40$c20131012$lBLL01$h1359
=CAT  \\$aW1606-1727$c20160825$lBLL01$h1742
=CAT  \\$a14185$b40$c20221201$lBLL01$h1742
=CAT  \\$a14185$b40$c20221204$lBLL01$h1858
=CAT  \\$aW2302-0174$c20230223$lBLL01$h1959
=FIN  \\$aY$d20130326
=FMT  \\$a  MP
=LAS  \\$aW2302-0174$b00$c20230223$lBLL01$h1959

