=LDR  03029cem a2200577 i 4500
=001  016307339
=003  Uk
=005  20230223161726.0
=007  aj\canzn
=008  130326q1810\\\\enk||||||\a\\\\\0\\\eng|\
=034  1\$aa$dW0015237$eW0015300$fN0513208$gN0513149$2bound
=040  \\$aUk$beng$cUk$dUk$erda
=042  \\$aukblsr
=082  04$a912.42142$223
=110  20$aStandidge & Co.,$elithographer.
=245  10$aSketch plan as laid out for building houses of the second and third rate of buildings at Battle Bridge, :$bthe property of Robert McWilliam and the trustees under his marriage settlement /$cStandidge & Lemon Litho., 77 Cornhill.
=255  \\$aScale not given$c(W 1°52'37"--W 1°53'00"/N 51°32'08"--N 51°31'49").
=264  \1$a[London] :$b[publisher not identified],$c[1810]
=300  \\$a1 map :$bcolour ;$c40 x 52 cm
=336  \\$acartographic image$2rdacontent
=337  \\$aunmediated$2rdamedia
=338  \\$asheet$2rdacarrier
=500  \\$aDate taken from A catalogue of maps, plans and views of London, Westminster and Southwark collected and arranged by Frederick Crace, 1878.
=500  \\$aShows the proposed housing development in the Battle Bridge area. The development now houses the Kings Cross railway station.
=510  4\$aCrace, John Gregory, A catalogue of maps, plans and views of London, Westminster and Southwark collected and arranged by Frederick Crace (1878),$cnumber 44, page 109
=510  1\$aScott, Valerie. Tooley's dictionary of mapmakers Q-Z (2004),$cpage 202
=510  1\$aWorms, Laurence, Baynton-Williams, Ashley. British map engravers: a dictionary of engravers, lithographers and their principal employers,$bto 1850,$cpages 629
=520  \\$aPlan for proposed new buildings at Battle Bridge, the site where King's Cross railway station now stands.
=650  \0$aReal property$zEngland$zLondon$vMaps.
=651  \0$aCamden (London, England)$vMaps.
=651  \0$aKing's Cross (London, England)$vMaps.
=651  \0$aLondon (England)$vMaps.
=655  \7$aMaps.$2fast$0(OCoLC)fst01423704
=700  1\$aCrace, Frederick,$d1779-1859,$eformer owner.
=700  1\$aCrace, John Gregory,$d1809-1889,$edonor.
=852  41$aBritish Library$bMAPS$jMaps Crace Port. 15.44
=856  41$3Copy at Maps Crace Port. 15.44$uhttp://www.bl.uk/onlinegallery/onlineex/crace/s/007000000000015u00044000.html$yDigitised map
=985  \\$aUpgraded from BL georeferencer data 2022-11-17.
=985  \\$aRecord amended for WR1606-1727
=985  \\$aUpdated by MS generated file for WR2302-017
=CAT  \\$a12842$b40$c20130326$lBLL01$h1514
=CAT  \\$aWR13.117$c20130718$lBLL01$h1855
=CAT  \\$a12842$b40$c20131012$lBLL01$h1403
=CAT  \\$aBATCH-UPD$b40$c20160224$lBLL01$h1708
=CAT  \\$aW1606-1727$c20160825$lBLL01$h1742
=CAT  \\$a14185$b40$c20221201$lBLL01$h1604
=CAT  \\$a14185$b40$c20221202$lBLL01$h1515
=CAT  \\$aW2302-0174$c20230223$lBLL01$h1959
=FIN  \\$aY$d20130326
=FMT  \\$a  MP
=LAS  \\$aW2302-0174$b00$c20230223$lBLL01$h1959

