=LDR  03114cem a2200553 i 4500
=001  016307374
=003  Uk
=005  20230223161726.0
=007  aj\aanzn
=008  130326s1811\\\\enk||||||\a\\\\\0\\\eng|\
=034  1\$aa$b17700$dW0015048$eW0015555$fN0513459$gN0513123$2bound
=040  \\$aUk$beng$cUk$dUk$erda
=042  \\$aukblsr
=082  04$a912.42143$223
=100  1\$aHawksworth, John,$dactive 1819-1848,$eengraver.
=245  12$aA survey of the roads and foot-paths in the parish of Islington :$bFrom a plan in the vestry room, drawn in the year 1735 /$cJ. Hawksworth sculpt.
=255  \\$aScale approximately 1:17 700$c(W 1°50'48"--W 1°55'55"/N 51°34'59"--N 51°31'23").
=264  \1$a[London] :$bpublished by Russell Upper Street, Islington,$cMay 1, 1811.
=300  \\$a1 map ;$c37 x 24 cm
=336  \\$acartographic image$2rdacontent
=337  \\$aunmediated$2rdamedia
=338  \\$asheet$2rdacarrier
=500  \\$aShows the area south of Highgate with roads and paths indicated; built-up areas hatched.
=510  4\$aCrace, John Gregory, A catalogue of maps, plans and views of London, Westminster and Southwark collected and arranged by Frederick Crace (1878),$cnumber 45, page 110
=510  4\$aWorms, Laurence, Baynton-Williams, Ashley. British map engravers: a dictionary of engravers, lithographers and their principal employers,$bto 1850,$cpage 306
=520  \\$aThis is a plan of footpaths and roads in the parish of Islington. It extends from Battle Bridge to Highgate and from 'Cruch End' to Kings Land and the boundary to Shoreditch. An interesting feature on this map is Jack Straws House near Highbury. Jack Straw was a leader of one band of rebels who attacked the Treasurer's House at Highbury on June 14, 1381. The Peasants' Revolt over increasing taxation was largely due to the monarchy's prosecution of war against France. Toll gates are also marked in various places.
=650  \0$aRoads$zEngland$zLondon$vMaps.
=650  \0$aParishes$zEngland$zLondon$vMaps.
=651  \0$aCamden (London, England)$vMaps.
=651  \0$aIslington (London, England)$vMaps.
=651  \0$aLondon (England)$vMaps.
=655  \7$aMaps.$2fast$0(OCoLC)fst01423704
=700  1\$aCrace, Frederick,$d1779-1859,$eformer owner.
=700  1\$aCrace, John Gregory,$d1809-1889,$edonor.
=852  41$aBritish Library$bMAPS$jMaps Crace Port. 15.45
=856  41$3Copy at Maps Crace Port. 15.45$uhttp://www.bl.uk/onlinegallery/onlineex/crace/a/007000000000015u00045000.html$yDigitised map
=985  \\$aUpgraded from BL georeferencer data 2022-11-17.
=985  \\$aRecord amended for WR1606-1727
=985  \\$aUpdated by MS generated file for WR2302-017
=CAT  \\$a12842$b40$c20130326$lBLL01$h1607
=CAT  \\$aWR13.117$c20130718$lBLL01$h1855
=CAT  \\$a12842$b40$c20131012$lBLL01$h1405
=CAT  \\$aW1606-1727$c20160825$lBLL01$h1742
=CAT  \\$a14185$b40$c20221201$lBLL01$h1604
=CAT  \\$a14185$b40$c20221202$lBLL01$h1515
=CAT  \\$aW2302-0174$c20230223$lBLL01$h1959
=FIN  \\$aY$d20130326
=FMT  \\$a  MP
=LAS  \\$aW2302-0174$b00$c20230223$lBLL01$h1959

