=LDR  02887cem a2200577 i 4500
=001  016307392
=003  Uk
=005  20230223161726.0
=007  aj\aanzn
=008  130326q1756\\\\enk||||||\a\\\\\0\\\eng|\
=034  1\$aa$dW0015232$eW0015504$fN0513252$gN0513101$2bound
=040  \\$aUk$beng$cUk$dUk$erda
=042  \\$aukblsr
=082  04$a912.42143$223
=100  1\$aCole, Benjamin,$d1697?-1783,$eengraver.
=245  12$aA new and accurate survey of the parishes of St Andrews Holbourn without the freedom, St George Queen Square, St James Clerkenwell, St Luke Old Street, St Mary Islington and the Charterhouse liberty /$cB. Cole sculp.
=255  \\$aScale not given$c(W 1°52'32"--W 1°55'04"/N 51°32'52"--N 51°31'01").
=264  \1$a[London],$c[1756]
=300  \\$a1 map ;$c36 x 23 cm
=336  \\$acartographic image$2rdacontent
=337  \\$aunmediated$2rdamedia
=338  \\$asheet$2rdacarrier
=500  \\$aImprint taken from London illustrated, B. Adams.
=500  \\$aPublished in volume 2 of The history of London by W. Maitland, 1756.
=500  \\$aShows the area south of Canbury House to Holborn.
=510  4\$aCrace, John Gregory, A catalogue of maps, plans and views of London, Westminster and Southwark collected and arranged by Frederick Crace (1878),$cnumber 46, page 110
=510  4\$aAdams, Bernard, London illustrated (1983),$b1604-1851,$cnumber 38 (103), page 102
=520  \\$aPlan of the parishes of St. Andrew's, Holborn, St George's, Queen Square, St James's Clerkenwell, St Luke's, Old Street, St Mary's Islington and the Charterhouse Liberty.
=650  \0$aParishes$zEngland$zLondon$vMaps$vEarly works to 1800.
=651  \0$aIslington (London, England)$vMaps$vEarly works to 1800.
=651  \0$aLondon (England)$vMaps$vEarly works to 1800.
=651  \0$aBloomsbury (London, England)$vMaps$vEarly works to 1800.
=655  \7$aEarly maps.$2fast$0(OCoLC)fst01752681
=700  1\$aCrace, Frederick,$d1779-1859,$eformer owner.
=700  1\$aCrace, John Gregory,$d1809-1889,$edonor.
=852  41$aBritish Library$bMAPS$jMaps Crace Port. 15.46
=856  41$3Copy at Maps Crace Port. 15.46$uhttp://www.bl.uk/onlinegallery/onlineex/crace/a/007000000000015u00046000.html$yDigitised map
=985  \\$aUpgraded from BL georeferencer data 2022-11-17.
=985  \\$aRecord amended for WR1606-1727
=985  \\$aUpdated by MS generated file for WR2302-017
=CAT  \\$a12842$b40$c20130326$lBLL01$h1644
=CAT  \\$a12842$b40$c20130326$lBLL01$h1647
=CAT  \\$aWR13.117$c20130718$lBLL01$h1855
=CAT  \\$a12842$b40$c20131012$lBLL01$h1407
=CAT  \\$aW1606-1727$c20160825$lBLL01$h1742
=CAT  \\$a14185$b40$c20221201$lBLL01$h1604
=CAT  \\$a14185$b40$c20221202$lBLL01$h1516
=CAT  \\$aW2302-0174$c20230223$lBLL01$h1959
=FIN  \\$aY$d20130326
=FMT  \\$a  MP
=LAS  \\$aW2302-0174$b00$c20230223$lBLL01$h1959

