=LDR  02725cfm a2200541 i 4500
=001  016309143
=003  Uk
=005  20230223161727.0
=007  aj\canzn
=008  130326q1800\\\\xx\||||||\a\\\\\0\\\eng|\
=034  1\$aa$dW0015341$eW0015347$fN0513211$gN0513208$2bound
=040  \\$aUk$beng$cUk$dUk$erda
=042  \\$aukblsr
=082  04$a912.42143$223
=245  00$a[Drawn plan of property in Upper Street, Islington on the site of the Old Pied Bull Inn].
=255  \\$aScale not given$c(W 1°53'41"--W 1°53'47"/N 51°32'11"--N 51°32'08").
=264  \0$a[Place of production not identified] :$b[producer not identified],$c[around 1800]
=300  \\$a1 plan :$bcolour ;$c35 x 41 cm
=336  \\$acartographic image$2rdacontent
=337  \\$aunmediated$2rdamedia
=338  \\$asheet$2rdacarrier
=500  \\$aPen and ink with wash on paper with additions in pencil.
=500  \\$aUnsigned and undated. Title taken from A catalogue of maps, plans and views of London, Westminster and Southwark collected and arranged by Frederick Crace, 1878.
=500  \\$aSupplies detailed plan of properties on Upper Street, Islington; numbered and coloured for reference with leaseholders' names and dimensions reported.
=510  4\$aCrace, John Gregory, A catalogue of maps, plans and views of London, Westminster and Southwark collected and arranged by Frederick Crace (1878),$cnumber 49, page 110
=520  \\$aPlan of properties on Upper Street, Islington, showing gardens lay out is also shown and recording the names of owner and occupants.
=650  \0$aReal property$zEngland$zLondon$vMaps.
=650  \0$aArchitectural drawing$zEngland$zLondon$vMaps.
=651  \0$aIslington (London, England)$vMaps.
=651  \0$aLondon (England)$vMaps.
=655  \7$aMaps.$2fast$0(OCoLC)fst01423704
=700  1\$aCrace, Frederick,$d1779-1859,$eformer owner.
=700  1\$aCrace, John Gregory,$d1809-1889,$edonor.
=852  41$aBritish Library$bMAPS$jMaps Crace Port. 15.49
=856  41$3Copy at Maps Crace Port. 15.49$uhttp://www.bl.uk/onlinegallery/onlineex/crace/other/007000000000015u00049000.html$yDigitised map
=985  \\$aUpgraded from BL georeferencer data 2022-11-17.
=985  \\$aRecord amended for WR1606-1727
=985  \\$aUpdated by MS generated file for WR2302-017
=CAT  \\$a12842$b40$c20130326$lBLL01$h1711
=CAT  \\$aWR13.117$c20130718$lBLL01$h1855
=CAT  \\$a12842$b40$c20131012$lBLL01$h1411
=CAT  \\$aW1606-1727$c20160825$lBLL01$h1742
=CAT  \\$a14185$b40$c20221201$lBLL01$h1821
=CAT  \\$a14185$b40$c20221204$lBLL01$h2015
=CAT  \\$aW2302-0174$c20230223$lBLL01$h1959
=FIN  \\$aY$d20130326
=FMT  \\$a  MP
=LAS  \\$aW2302-0174$b00$c20230223$lBLL01$h1959

