=LDR  03842cem a2200673 i 4500
=001  016309156
=003  Uk
=005  20230223161727.0
=007  aj\aanzn
=008  130326s1831\\\\enk||||||\a\\\\\0\\\eng|\
=034  1\$aa$dW0015101$eW0015545$fN0513437$gN0513140$2bound
=040  \\$aUk$beng$cUk$dUk$erda
=042  \\$aukblsr
=082  04$a912.42143$223
=100  1\$aRhodes, S.,$esurveyor.
=245  10$aPlan of Islington parish :$breduced from the survey made by order of the vestry in the year 1805 & 6 ... Including all the recent and projected improvements /$cby R. Dent, corrected up to the present time by S. Rhodes.
=255  \\$aScale not given$c(W 1°51'01"--W 1°55'45"/N 51°34'37"--N 51°31'40").
=264  \1$a[London] :$bpublished by J. K. Starling, Upper Street Islington,$cAugust 1st, 1831.
=300  \\$a1 map ;$c56 x 42 cm
=336  \\$acartographic image$2rdacontent
=337  \\$aunmediated$2rdamedia
=338  \\$asheet$2rdacarrier
=500  \\$aContains dedication from Thomas Starling to the Marquis of Northampton.
=500  \\$aJames Kearsley Starling, the bookseller, was Thomas' brother.
=500  \\$aIncludes panel with a description of the parish of St Mary Islington and a vignette: 'View, from near the Willow Bridge, Canonbury, 1821' by Henry Winkles. Numbered and lettered for reference with a key at right centre.
=510  4\$aCrace, John Gregory, A catalogue of maps, plans and views of London, Westminster and Southwark collected and arranged by Frederick Crace (1878),$cnumber 50, page 110
=510  4\$aBendall, Sarah. Dictionary of land surveyors and local map-makers of Great Britain and Ireland (1997),$b1530-1850,$cnumber E044, page 164
=510  4\$aFrench, Josephine. Tooley's dictionary of mapmakers A-D (1999),$cpage 358
=510  4\$aScott, Valerie. Tooley's dictionary of mapmakers Q-Z (2004),$cpage 39 ; page 207
=510  4\$aWorms, Laurence, Baynton-Williams, Ashley. British map engravers: a dictionary of engravers, lithographers and their principal employers,$bto 1850,$cpage 631
=520  \\$aThis detailed plan of the parish of Islington records each property and field boundary and even indicates the layout of the gardens and trees. A vignette in the lower right corner shows a view of Canonbury from 1821. The note at lower left reports the increase in building over the last seven years and the population growth.
=650  \0$aParishes$zEngland$zLondon$vMaps.
=651  \0$aIslington (London, England)$vMaps.
=651  \0$aLondon (England)$vMaps.
=655  \7$aMaps.$2fast$0(OCoLC)fst01423704
=700  1\$aCrace, Frederick,$d1779-1859,$eformer owner.
=700  1\$aCrace, John Gregory,$d1809-1889,$edonor.
=700  1\$aStarling, Thomas,$epublisher.
=700  1\$aDent, R.$q(Richard),$esurveyor.
=852  41$aBritish Library$bMAPS$jMaps Crace Port. 15.50
=856  41$3Copy at Maps Crace Port. 15.50$uhttp://www.bl.uk/onlinegallery/onlineex/crace/p/007000000000015u00050000.html$yDigitised map
=985  \\$aUpgraded from BL georeferencer data 2022-11-17.
=985  \\$aRecord amended for WR1606-1727
=985  \\$aUpdated by MS generated file for WR2302-017
=CAT  \\$a12842$b40$c20130326$lBLL01$h1800
=CAT  \\$a12842$b40$c20130327$lBLL01$h1447
=CAT  \\$a12842$b40$c20130703$lBLL01$h1421
=CAT  \\$a12842$b40$c20130703$lBLL01$h1424
=CAT  \\$aWR13.117$c20130718$lBLL01$h1855
=CAT  \\$a5100$b40$c20130723$lBLL01$h1616
=CAT  \\$a5100$b40$c20130919$lBLL01$h1105
=CAT  \\$a12842$b40$c20131012$lBLL01$h1412
=CAT  \\$aW1606-1727$c20160825$lBLL01$h1742
=CAT  \\$a14185$b40$c20221201$lBLL01$h1605
=CAT  \\$a14185$b40$c20221202$lBLL01$h1517
=CAT  \\$aW2302-0174$c20230223$lBLL01$h1959
=FIN  \\$aY$d20130326
=FMT  \\$a  MP
=LAS  \\$aW2302-0174$b00$c20230223$lBLL01$h1959

