=LDR  03214cem a2200601 i 4500
=001  016309273
=003  Uk
=005  20230223161727.0
=007  aj\canzn
=008  130327q1848\\\\enk||||||\a\\\\\0\\\eng|\
=034  1\$aa$b16200$dW0015111$eW0015538$fN0513439$gN0513140$2bound
=040  \\$aUk$beng$cUk$dUk$erda
=042  \\$aukblsr
=082  04$a912.42143$223
=100  1\$aCreighton, R.,$esurveyor.
=245  12$aA plan of the parish of St. Mary Islington, with the boundaries of the several ecclesiastical districts /$csurveyed by R. Creighton for the Parochial History by S. Lewis, Junr. ; engraved by John Dower, Pentonville.
=255  \\$aScale approximately 1:16 200$c(W 1°51'11"--W 1°55'38"/N 51°34'39"--N 51°31'40").
=264  \1$a[England] :$b[publisher not identified],$c[1848]
=300  \\$a1 map :$bcolour ;$c34 x 32 cm
=336  \\$acartographic image$2rdacontent
=337  \\$aunmediated$2rdamedia
=338  \\$asheet$2rdacarrier
=500  \\$aDate taken from A catalogue of maps, plans and views of London, Westminster and Southwark collected and arranged by Frederick Crace, 1878.
=500  \\$aDistricts coloured and numbered for reference with a key at lower left.
=510  4\$aCrace, John Gregory, A catalogue of maps, plans and views of London, Westminster and Southwark collected and arranged by Frederick Crace (1878),$cnumber 52, page 110
=510  4\$aBendall, Sarah. Dictionary of land surveyors and local map-makers of Great Britain and Ireland (1997),$b1530-1850,$cnumber C530.3, page 121
=510  4\$aFrench, Josephine. Tooley's dictionary of mapmakers A-D (1999),$cpage 313
=510  4\$aWorms, Laurence, Baynton-Williams, Ashley. British map engravers: a dictionary of engravers, lithographers and their principal employers,$bto 1850,$cpage 202
=520  \\$aPlan of the parish of St Mary's Islington, with the nine ecclesiastical districts that make up the parish delineated by pastel colours.
=650  \0$aParishes$zEngland$zLondon$vMaps.
=651  \0$aIslington (London, England)$vMaps.
=651  \0$aLondon (England)$vMaps.
=655  \7$aMaps.$2fast$0(OCoLC)fst01423704
=700  1\$aCrace, Frederick,$d1779-1859,$eformer owner.
=700  1\$aCrace, John Gregory,$d1809-1889,$edonor.
=700  1\$aDower, John,$dactive 1838-1846?,$eengraver.
=852  41$aBritish Library$bMAPS$jMaps Crace Port. 15.52
=856  41$3Copy at Maps Crace Port. 15.52$uhttp://www.bl.uk/onlinegallery/onlineex/crace/a/007000000000015u00052000.html$yDigitised map
=985  \\$aUpgraded from BL georeferencer data 2022-11-17.
=985  \\$aRecord amended for WR1606-1727
=985  \\$aUpdated by MS generated file for WR2302-017
=CAT  \\$a12842$b40$c20130327$lBLL01$h1125
=CAT  \\$a12842$b40$c20130327$lBLL01$h1137
=CAT  \\$aWR13.117$c20130718$lBLL01$h1855
=CAT  \\$a12842$b40$c20131012$lBLL01$h1416
=CAT  \\$aW1606-1727$c20160825$lBLL01$h1742
=CAT  \\$a14185$b40$c20221201$lBLL01$h1821
=CAT  \\$a14185$b40$c20221204$lBLL01$h2016
=CAT  \\$a12842$b40$c20230209$lBLL01$h1258
=CAT  \\$aW2302-0174$c20230223$lBLL01$h1959
=FIN  \\$aY$d20130327
=FMT  \\$a  MP
=LAS  \\$aW2302-0174$b00$c20230223$lBLL01$h1959

