=LDR  02544cem a2200529 i 4500
=001  016309433
=003  Uk
=005  20230223161727.0
=007  aj\aanzn
=008  130327q1850\\\\enk||||||\a\\\\\0\\\eng|\
=034  1\$aa$dW0015111$eW0015542$fN0513432$gN0513143$2bound
=040  \\$aUk$beng$cUk$dUk$erda
=042  \\$aukblsr
=082  04$a912.42143$223
=245  00$aPlan of the parish of St Mary, Islington.
=255  \\$aScale not given$c(W 1°51'11"--W 1°55'42"/N 51°34'32"--N 51°31'43").
=264  \1$a[London] :$b[publisher not identified],$c[1850]
=300  \\$a1 map ;$c25 x 20 cm
=336  \\$acartographic image$2rdacontent
=337  \\$aunmediated$2rdamedia
=338  \\$asheet$2rdacarrier
=500  \\$aUnsigned and undated. Date taken from A catalogue of maps, plans and views of London, Westminster and Southwark collected and arranged by Frederick Crace, 1878.
=500  \\$aIncludes 3 views: Scotch Church, River Terrace; New Church, Duncan Road; St Peter's Chapel, River Lane.
=500  \\$aPlan of the parish as surveyed by E. and B. Baker.
=510  4\$aCrace, John Gregory, A catalogue of maps, plans and views of London, Westminster and Southwark collected and arranged by Frederick Crace (1878),$cnumber 53, page 111
=520  \\$aThis is a plan of the parish of St Mary's, Islington, with three vignettes depicting the Scotch Church, the New Church and St Peter's Chapel down the right of the plate.
=650  \0$aParishes$zEngland$zLondon$vMaps.
=651  \0$aIslington (London, England)$vMaps.
=651  \0$aLondon (England)$vMaps.
=655  \7$aMaps.$2fast$0(OCoLC)fst01423704
=700  1\$aCrace, Frederick,$d1779-1859,$eformer owner.
=700  1\$aCrace, John Gregory,$d1809-1889,$edonor.
=852  41$aBritish Library$bMAPS$jMaps Crace Port. 15.53
=856  41$3Copy at Maps Crace Port. 15.53$uhttp://www.bl.uk/onlinegallery/onlineex/crace/p/007000000000015u00053000.html$yDigitised map
=985  \\$aUpgraded from BL georeferencer data 2022-11-17.
=985  \\$aRecord amended for WR1606-1727
=985  \\$aUpdated by MS generated file for WR2302-017
=CAT  \\$a12842$b40$c20130327$lBLL01$h1504
=CAT  \\$aWR13.117$c20130718$lBLL01$h1855
=CAT  \\$a12842$b40$c20131012$lBLL01$h1424
=CAT  \\$aW1606-1727$c20160825$lBLL01$h1742
=CAT  \\$a14185$b40$c20221201$lBLL01$h1605
=CAT  \\$a14185$b40$c20221202$lBLL01$h1517
=CAT  \\$aW2302-0174$c20230223$lBLL01$h1959
=FIN  \\$aY$d20130327
=FMT  \\$a  MP
=LAS  \\$aW2302-0174$b00$c20230223$lBLL01$h1959

