=LDR  02501cem a2200517 i 4500
=001  016314690
=003  Uk
=005  20230223161729.0
=007  aj\canzn
=008  130408q1836\\\\xx\||||||\a\\\\\0\\\eng|\
=034  0\$aa$b1210
=040  \\$aUk$beng$cUk$dUk$erda
=042  \\$aukblsr
=082  04$a912.42143$223
=100  1\$aChabot, A.$q(Alfred),$dactive 19th century,$elithographer.
=245  10$aGround plan of the London Cattle Mart now erecting in the Lower Road, Islington /$cA. Chabot, Litho, 14 Finch Lane.
=255  \\$aScale approximately 1:1 210.
=264  \1$a[Place of publication not identified] :$b[publisher not identified],$c[1836]
=300  \\$a1 map :$bcolour ;$c40 x 27 cm
=336  \\$acartographic image$2rdacontent
=337  \\$aunmediated$2rdamedia
=338  \\$asheet$2rdacarrier
=500  \\$aDate taken from A catalogue of maps, plans and views of London, Westminster and Southwark collected and arranged by Frederick Crace, 1878.
=500  \\$aLabelled and coloured for reference with a key at lower left. Accompanied by a descriptive text with comments on the market's design.
=500  \\$aThe Islington cattle market on the east side of Lower Road was built between 1833 and 1836 by John Perkins.
=510  4\$aCrace, John Gregory, A catalogue of maps, plans and views of London, Westminster and Southwark collected and arranged by Frederick Crace (1878),$cnumber 56, page 111
=650  \0$aPublic buildings$zEngland$zLondon$vDesigns and plans.
=650  \0$aArchitecture$zEngland$zLondon$vDesigns and plans.
=651  \0$aIslington (London, England)$vMaps.
=651  \0$aLondon (England)$vMaps.
=655  \7$aMaps.$2fast$0(OCoLC)fst01423704
=700  1\$aCrace, Frederick,$d1779-1859,$eformer owner.
=700  1\$aCrace, John Gregory,$d1809-1889,$edonor.
=852  41$aBritish Library$bMAPS$jMaps Crace Port. 15.56
=856  41$3Copy at Maps Crace Port. 15.56$uhttp://www.bl.uk/onlinegallery/onlineex/crace/g/007000000000015u00056000.html$yDigitised map
=985  \\$aRecord amended for WR1606-1727
=985  \\$aUpdated by MS generated file for WR2302-017
=CAT  \\$a12842$b40$c20130408$lBLL01$h1621
=CAT  \\$a12842$b40$c20130408$lBLL01$h1629
=CAT  \\$aWR13.117$c20130718$lBLL01$h1855
=CAT  \\$a12842$b40$c20131012$lBLL01$h1430
=CAT  \\$aW1606-1727$c20160825$lBLL01$h1742
=CAT  \\$aW2302-0174$c20230223$lBLL01$h1959
=FIN  \\$aY$d20130408
=FMT  \\$a  MP
=LAS  \\$aW2302-0174$b00$c20230223$lBLL01$h1959

