=LDR  03425cem a2200625 i 4500
=001  016314702
=003  Uk
=005  20230223161729.0
=007  aj\canzn
=008  130408s1852\\\\enk||||||\a\\\\\0\\\eng|\
=034  1\$aa$dW0015430$eW0015505$fN0513245$gN0513226$2bound
=040  \\$aUk$beng$cUk$dUk$erda
=042  \\$aukblsr
=082  04$a912.42143$223
=100  10$aMadeley, George Edward,$elithographer.
=245  10$aPlan of Islington cattle market, building ground & residences situate between Southgate Rd & Lower Road, Islington. :$bFor sale by auction by Messrs. Farebrother Clark & Lye at Garraways Coffee House, Change Alley Cornhill, on Monday, August 9th 1852 /$cFarebrother Clark Lye, surveyors, Lancaster Gate, Strand.
=255  \\$aScale not given$c(W 1°54'30"--W 1°55'05"/N 51°32'45"--N 51°32'26").
=264  \1$a[London] :$bMadeley lith. Wellington St., Strand.,$c1852.
=300  \\$a1 map :$bcolour ;$c49 x 59 cm
=336  \\$acartographic image$2rdacontent
=337  \\$aunmediated$2rdamedia
=338  \\$asheet$2rdacarrier
=500  \\$aIncludes elevation of Market House below title. Estate divided into lots, numbered and coloured for reference with dimensions given.
=500  \\$aThe Islington cattle market on the east side of Lower Road was built between 1833 and 1836 by John Perkins.
=510  4\$aCrace, John Gregory, A catalogue of maps, plans and views of London, Westminster and Southwark collected and arranged by Frederick Crace (1878),$cnumber 57, page 111
=510  4\$aBendall, Sarah. Dictionary of land surveyors and local map-makers of Great Britain and Ireland (1997),$b1530-1850,$cnumber F024.8, page 174
=510  4\$aWorms, Laurence, Baynton-Williams, Ashley. British map engravers: a dictionary of engravers, lithographers and their principal employers,$bto 1850,$cpage 428
=520  \\$aThis is a plan of the Cattle Market in Islington to be sold in lots at auction. An elevation of the Market House appears in the bottom left corner.
=650  \0$aAuctions$zEngland$zLondon$vMaps.
=650  \0$aPublic buildings$zEngland$zLondon$vMaps.
=651  \0$aIslington (London, England)$vMaps.
=655  \7$aMaps.$2fast$0(OCoLC)fst01423704
=700  1\$aCrace, Frederick,$d1779-1859,$eformer owner.
=700  1\$aCrace, John Gregory,$d1809-1889,$edonor.
=700  1\$aFarebrother, Charles,$esurveyor.
=852  41$aBritish Library$bMAPS$jMaps Crace Port. 15.57
=856  41$3Copy at Maps Crace Port. 15.57$uhttp://www.bl.uk/onlinegallery/onlineex/crace/p/007000000000015u00057000.html$yDigitised map
=985  \\$aUpgraded from BL georeferencer data 2022-11-17.
=985  \\$aRecord amended for WR1606-1727
=985  \\$aUpdated by MS generated file for WR2302-017
=CAT  \\$a12842$b40$c20130408$lBLL01$h1702
=CAT  \\$aBATCH-UPD$b40$c20130408$lBLL01$h1703
=CAT  \\$a12842$b40$c20130408$lBLL01$h1705
=CAT  \\$a10743$b40$c20130516$lBLL01$h1034
=CAT  \\$a12842$b40$c20130703$lBLL01$h1429
=CAT  \\$aWR13.117$c20130718$lBLL01$h1855
=CAT  \\$a12842$b40$c20131012$lBLL01$h1431
=CAT  \\$aBATCH-UPD$b40$c20160224$lBLL01$h1708
=CAT  \\$aW1606-1727$c20160825$lBLL01$h1742
=CAT  \\$a14185$b40$c20221201$lBLL01$h1605
=CAT  \\$a14185$b40$c20221202$lBLL01$h1518
=CAT  \\$aW2302-0174$c20230223$lBLL01$h1959
=FIN  \\$aY$d20130408
=FMT  \\$a  MP
=LAS  \\$aW2302-0174$b00$c20230223$lBLL01$h1959

