=LDR  02204cfm a2200505 i 4500
=001  016315236
=003  Uk
=005  20230223161729.0
=007  aj\canzn
=008  130409s1753\\\\enk||||||\a\\\\\0\\\eng|\
=034  0\$aa
=040  \\$aUk$beng$cUk$dUk$erda
=042  \\$aukblsr
=082  04$a912.42143$223
=100  1\$aChampion, John,$dactive 1753,$esurveyor.
=245  13$aAn actual SURVEY, of the New River Head, near Islington. 1753 /$cJno. Champion fect.
=255  \\$aScale not given.
=264  \0$a[London] :$b[producer not identified],$c1753.
=300  \\$a1 map :$bcolour ;$c31 x 20 cm
=336  \\$acartographic image$2rdacontent
=337  \\$aunmediated$2rdamedia
=338  \\$asheet$2rdacarrier
=500  \\$aPen and ink with wash on paper.
=500  \\$aLabelled and coloured for reference.
=510  4\$aCrace, John Gregory, A catalogue of maps, plans and views of London, Westminster and Southwark collected and arranged by Frederick Crace (1878),$cnumber 61, page 111
=510  4\$aBendall, Sarah. Dictionary of land surveyors and local map-makers of Great Britain and Ireland (1997),$b1530-1850,$cnumber C139.3, page 91
=650  \0$aReal property$zEngland$zLondon$vMaps$vEarly works to 1800.
=651  \0$aIslington (London, England)$vMaps$vEarly works to 1800.
=655  \7$aEarly maps.$2fast$0(OCoLC)fst01752681
=700  1\$aCrace, Frederick,$d1779-1859,$eformer owner.
=700  1\$aCrace, John Gregory,$d1809-1889,$edonor.
=852  41$aBritish Library$bMAPS$jMaps Crace Port. 15.61
=856  41$3Copy at Maps Crace Port. 15.61$uhttp://www.bl.uk/onlinegallery/onlineex/crace/a/007000000000015u00061000.html$yDigitised map
=985  \\$aRecord amended for WR1606-1727
=985  \\$aUpdated by MS generated file for WR2302-017
=CAT  \\$a12842$b40$c20130409$lBLL01$h1335
=CAT  \\$a12842$b40$c20130703$lBLL01$h1346
=CAT  \\$aWR13.117$c20130718$lBLL01$h1855
=CAT  \\$a5100$b40$c20130919$lBLL01$h1126
=CAT  \\$a12842$b40$c20131012$lBLL01$h1439
=CAT  \\$aW1606-1727$c20160825$lBLL01$h1742
=CAT  \\$aW2302-0174$c20230223$lBLL01$h1959
=FIN  \\$aY$d20130409
=FMT  \\$a  MP
=LAS  \\$aW2302-0174$b00$c20230223$lBLL01$h1959

