=LDR  02610cem a2200541 i 4500
=001  016315278
=003  Uk
=005  20230223161729.0
=007  aj\aanzn
=008  130409s1845\\\\enk||||||\a\\\\\0\\\eng|\
=034  1\$aa$dW0015355$eW0015410$fN0513212$gN0513204$2bound
=040  \\$aUk$beng$cUk$dUk$erda
=042  \\$aukblsr
=082  04$a912.42143$223
=245  00$aPLAN OF AN ESTATE AT ISLINGTON belonging to the CLOTHWORKERS COMPANY To be Let for Building /$cSAML. ANGELL, ARCHT.,18, Gover St. Bedford Square, November, 1845 ; Abraham, Litho. 1 Clements Lane.
=255  \\$aScale not given$c(W 1°53'55"--W 1°54'10"/N 51°32'12"--N 51°32'04").
=264  \1$a[London] :$b[publisher not identified],$c1845.
=300  \\$a1 map ;$c29 x 35 cm
=336  \\$acartographic image$2rdacontent
=337  \\$aunmediated$2rdamedia
=338  \\$asheet$2rdacarrier
=500  \\$aLettered for reference with dimensions given.
=510  4\$aCrace, John Gregory, A catalogue of maps, plans and views of London, Westminster and Southwark collected and arranged by Frederick Crace (1878),$cnumber 62, page 112
=520  \\$aThe Clothworkers Company owned the land marked on this map. The Clothworkers were one of the City Livery Companies, many of which came to own property in London through the wealth generated by their trade.
=610  20$aClothworkers' Company (London, England)
=650  \0$aReal property$zEngland$zLondon$vMaps.
=650  \0$aArchitectural drawing$zEngland$zLondon$vMaps.
=651  \0$aIslington (London, England)$vMaps.
=651  \0$aLondon (England)$vMaps.
=655  \7$aMaps.$2fast$0(OCoLC)fst01423704
=700  1\$aCrace, Frederick,$d1779-1859,$eformer owner.
=700  1\$aCrace, John Gregory,$d1809-1889,$edonor.
=700  1\$aAngell, Samuel,$d1800-1866,$earchitect.
=852  41$aBritish Library$bMAPS$jMaps Crace Port. 15.62
=856  41$3Copy at Maps Crace Port. 15.62$uhttp://www.bl.uk/onlinegallery/onlineex/crace/p/007000000000015u00062000.html$yDigitised map
=985  \\$aUpgraded from BL georeferencer data 2022-11-17.
=985  \\$aRecord amended for WR1606-1727
=985  \\$aUpdated by MS generated file for WR2302-017
=CAT  \\$a12842$b40$c20130409$lBLL01$h1407
=CAT  \\$aWR13.117$c20130718$lBLL01$h1855
=CAT  \\$a12842$b40$c20131012$lBLL01$h1441
=CAT  \\$aW1606-1727$c20160825$lBLL01$h1742
=CAT  \\$a14185$b40$c20221201$lBLL01$h1606
=CAT  \\$a14185$b40$c20221202$lBLL01$h1519
=CAT  \\$aW2302-0174$c20230223$lBLL01$h1959
=FIN  \\$aY$d20130409
=FMT  \\$a  MP
=LAS  \\$aW2302-0174$b00$c20230223$lBLL01$h1959

