=LDR  02268cem a2200505 i 4500
=001  016315294
=003  Uk
=005  20230223161729.0
=007  aj\aanzn
=008  130409s1845\\\\enk||||||\a\\\\\0\\\eng|\
=034  1\$aa$dW0015349$eW0015359$fN0513217$gN0513212$2bound
=040  \\$aUk$beng$cUk$dUk$erda
=042  \\$aukblsr
=082  04$a912.42143$223
=245  00$aPLAN OF A FREEHOLD ESTATE, Situate at ISLINGTON, County of Middlesex. :$bFor Sale by MESSRS. DRIVER. 1845.
=255  \\$aScale not given$c(W 1°53'49"--W 1°53'59"/N 51°32'17"--N 51°32'12").
=264  \1$a[London] :$b[publisher not identified],$c1845.
=300  \\$a1 map ;$c33 x 21 cm
=336  \\$acartographic image$2rdacontent
=337  \\$aunmediated$2rdamedia
=338  \\$asheet$2rdacarrier
=500  \\$aEstate divided into lots, numbered and labelled for reference with dimensions given.
=510  4\$aCrace, John Gregory, A catalogue of maps, plans and views of London, Westminster and Southwark collected and arranged by Frederick Crace (1878),$cnumber 63, page 112
=520  \\$aThis is a plan of property for sale in nine individual lots on Lower Road in Islington.
=650  \0$aReal property$zEngland$zLondon$vMaps.
=651  \0$aIslington (London, England)$vMaps.
=651  \0$aLondon (England)$vMaps.
=655  \7$aMaps.$2fast$0(OCoLC)fst01423704
=700  1\$aCrace, Frederick,$d1779-1859,$eformer owner.
=700  1\$aCrace, John Gregory,$d1809-1889,$edonor.
=852  41$aBritish Library$bMAPS$jMaps Crace Port. 15.63
=856  41$3Copy at Maps Crace Port. 15.63$uhttp://www.bl.uk/onlinegallery/onlineex/crace/p/007000000000015u00063000.html$yDigitised map
=985  \\$aUpgraded from BL georeferencer data 2022-11-17.
=985  \\$aRecord amended for WR1606-1727
=985  \\$aUpdated by MS generated file for WR2302-017
=CAT  \\$a12842$b40$c20130409$lBLL01$h1418
=CAT  \\$aWR13.117$c20130718$lBLL01$h1855
=CAT  \\$a12842$b40$c20131012$lBLL01$h1443
=CAT  \\$aW1606-1727$c20160825$lBLL01$h1742
=CAT  \\$a14185$b40$c20221201$lBLL01$h1606
=CAT  \\$a14185$b40$c20221202$lBLL01$h1520
=CAT  \\$aW2302-0174$c20230223$lBLL01$h1959
=FIN  \\$aY$d20130409
=FMT  \\$a  MP
=LAS  \\$aW2302-0174$b00$c20230223$lBLL01$h1959

