=LDR  02376cem a2200505 i 4500
=001  016315324
=003  Uk
=005  20230223161729.0
=007  aj\aanzn
=008  130409s1846\\\\enk||||||\a\\\\\0\\\eng|\
=034  0\$aa
=040  \\$aUk$beng$cUk$dUk$erda
=042  \\$aukblsr
=082  04$a912.42143$223
=100  10$aMadeley, George Edward,$elithographer.
=245  10$aPLAN OF COPYHOLD PREMISES, CHURCH LANE, ISLINGTON. :$bFor Sale by Auction by MESSRS. FAREBROTHER, CLARK & LYE. At Garraways Coffee House, Change Alley Cornhill ON MONDAY FEBRY. 4TH 1846 at 12 o'Clock. /$cFarebrother Clarke & Lye, Land Surveyors & Auctioneers, Lancaster Place, Strand.
=255  \\$aScale not given.
=264  \1$a[London] :$bMadeley Lith. 3 Wellington Street, Strand,$c1846.
=300  \\$a1 map ;$c32 x 22 cm
=336  \\$acartographic image$2rdacontent
=337  \\$aunmediated$2rdamedia
=338  \\$asheet$2rdacarrier
=500  \\$aPremises labelled for reference with dimensions given.
=510  4\$aCrace, John Gregory, A catalogue of maps, plans and views of London, Westminster and Southwark collected and arranged by Frederick Crace (1878),$cnumber 64, page 112
=510  4\$aBendall, Sarah. Dictionary of land surveyors and local map-makers of Great Britain and Ireland (1997),$b1530-1850,$cnumber F024.8, page 174
=650  \0$aAuctions$zEngland$zLondon$vMaps.
=650  \0$aReal property$zEngland$zLondon$vMaps.
=651  \0$aIslington (London, England)$vMaps.
=651  \0$aLondon (England)$vMaps.
=655  \7$aMaps.$2fast$0(OCoLC)fst01423704
=700  1\$aCrace, Frederick,$d1779-1859,$eformer owner.
=700  1\$aCrace, John Gregory,$d1809-1889,$edonor.
=852  41$aBritish Library$bMAPS$jMaps Crace Port. 15.64
=856  41$3Copy at Maps Crace Port. 15.64$uhttp://www.bl.uk/onlinegallery/onlineex/crace/p/007000000000015u00064000.html$yDigitised map
=985  \\$aRecord amended for WR1606-1727
=985  \\$aUpdated by MS generated file for WR2302-017
=CAT  \\$a12842$b40$c20130409$lBLL01$h1439
=CAT  \\$aWR13.117$c20130718$lBLL01$h1855
=CAT  \\$a12842$b40$c20131012$lBLL01$h1445
=CAT  \\$aBATCH-UPD$b40$c20160224$lBLL01$h1708
=CAT  \\$aW1606-1727$c20160825$lBLL01$h1742
=CAT  \\$aW2302-0174$c20230223$lBLL01$h1959
=FIN  \\$aY$d20130409
=FMT  \\$a  MP
=LAS  \\$aW2302-0174$b00$c20230223$lBLL01$h1959

