=LDR  02341cem a2200541 i 4500
=001  016315355
=003  Uk
=005  20230223161729.0
=007  aj\aanzn
=008  130409s1844\\\\enk||||||\a\\\\\0\\\eng|\
=034  0\$aa
=040  \\$aUk$beng$cUk$dUk$erda
=042  \\$aukblsr
=082  04$a912.42143$223
=110  20$aStandidge & Co.,$elithographer.
=245  10$aGROUND PLAN OF THE PENTONVILLE PRISON FOR 520 PRISONERS ON THE SEPARATE SYSTEM /$cJ. Jebb, Surveyor Genl. of Prisons.
=255  \\$aScale not given.
=264  \1$aLondon :$bStandidge & Co. Litho.,$c1844.
=300  \\$a1 plan ;$c44 x 54 cm
=336  \\$acartographic image$2rdacontent
=337  \\$aunmediated$2rdamedia
=338  \\$asheet$2rdacarrier
=500  \\$aThe Pentonville Prison was built between 1840 and 1842 to the design of Captain Joshua Jebb.
=510  4\$aCrace, John Gregory, A catalogue of maps, plans and views of London, Westminster and Southwark collected and arranged by Frederick Crace (1878),$cnumber 65, page 112
=520  \\$aSupplies detailed ground plan, labelled for reference. Top right: Plans of Pentoville Prison, 1844.
=650  \0$aPrisons$zEngland$zLondon$vMaps.
=651  \0$aIslington (London, England)$xBuildings, structures, etc.$vMaps.
=651  \0$aLondon (England)$vMaps.
=655  \7$aMaps.$2fast$0(OCoLC)fst01423704
=700  1\$aCrace, Frederick,$d1779-1859,$eformer owner.
=700  1\$aCrace, John Gregory,$d1809-1889,$edonor.
=700  1\$aJebb, Joshua,$edesigner.
=852  41$aBritish Library$bMAPS$jMaps Crace Port. 15.65
=856  41$3Copy at Maps Crace Port. 15.65$uhttp://www.bl.uk/onlinegallery/onlineex/crace/g/007000000000015u00065000.html$yDigitised map
=985  \\$aRecord amended for WR1606-1727
=985  \\$aUpdated by MS generated file for WR2302-017
=CAT  \\$a12842$b40$c20130409$lBLL01$h1526
=CAT  \\$a12842$b40$c20130409$lBLL01$h1527
=CAT  \\$a12842$b40$c20130425$lBLL01$h1145
=CAT  \\$aWR13.117$c20130718$lBLL01$h1855
=CAT  \\$a12842$b40$c20131012$lBLL01$h1446
=CAT  \\$a6550$b40$c20140321$lBLL01$h1159
=CAT  \\$aBATCH-UPD$b40$c20160224$lBLL01$h1708
=CAT  \\$aW1606-1727$c20160825$lBLL01$h1742
=CAT  \\$aW2302-0174$c20230223$lBLL01$h1959
=FIN  \\$aY$d20130409
=FMT  \\$a  MP
=LAS  \\$aW2302-0174$b00$c20230223$lBLL01$h1959

