=LDR  02989cem a2200565 i 4500
=001  016317938
=003  Uk
=005  20221202152052.0
=007  aj\aanzn
=008  130409q1720\\\\enk||||||\a\\\\\0\\\eng|\
=034  1\$aa$dW0015358$eW0015459$fN0513141$gN0513108$2bound
=040  \\$aUk$beng$cUk$dUk$erda
=042  \\$aukblsr
=082  04$a912.4212$223
=100  1\$aBlome, Richard,$d-1705.
=245  12$aA MAP OF ST. GILESS CRIPPLE GATE WITHOUT :$bwith large additions and corrections.
=255  \\$aScale not given$c(W 1°53'58"--W 1°54'59"/N 51°31'41"--N 51°31'08").
=264  \1$a[London],$c[1720]
=300  \\$a1 map ;$c27 x 36 cm
=336  \\$acartographic image$2rdacontent
=337  \\$aunmediated$2rdamedia
=338  \\$asheet$2rdacarrier
=500  \\$aFrom vol. 2 of J. Stow's Survey of the Cities of London and Westminster ... published by J. Strype in 1720.
=500  \\$aIncludes table of reference, bottom left and right margin. Top right corner: V2, B4, P63.
=510  4\$aCrace, John Gregory, A catalogue of maps, plans and views of London, Westminster and Southwark collected and arranged by Frederick Crace (1878),$cnumber 1, page 113
=510  4\$aFrench, Josephine. Tooley's dictionary of mapmakers A-D (1999),$cpage 151
=510  4\$aWorms, Laurence, Baynton-Williams, Ashley. British map engravers: a dictionary of engravers, lithographers and their principal employers,$bto 1850,$cpages 90-91
=520  \\$aPlan of the parish of St. Giles, Cripplegate, in the City of London, published in Strype's first annotated edition of Stow's 'Survey of England' of 1720. The plan features title along the top, compass and scale bar at bottom left and key to streets, yards, churches, public buildings etc. in tables at lower left and down the right side of the plan.
=651  \0$aCripplegate (London, England)$vMaps$vEarly works to 1800.
=651  \0$aLondon (England)$vMaps$vEarly works to 1800.
=700  1\$aCrace, Frederick,$d1779-1859,$eformer owner.
=700  1\$aCrace, John Gregory,$d1809-1889,$edonor.
=852  41$aBritish Library$bMAPS$jMaps Crace Port. 16.1.(1.)
=856  41$3Copy at Maps Crace Port. 16.1.(1.)$uhttp://www.bl.uk/onlinegallery/onlineex/crace/a/007000000000016u000010a0.html$yDigitised map
=985  \\$aUpgraded from BL georeferencer data 2022-11-17.
=985  \\$aRecord amended for WR# 13/070
=985  \\$aRecord amended for WR1606-1727
=CAT  \\$a12842$b40$c20130409$lBLL01$h1721
=CAT  \\$a12842$b40$c20130409$lBLL01$h1741
=CAT  \\$a12842$b40$c20130409$lBLL01$h1919
=CAT  \\$aWR13_070$b00$c20130504$lBLL01$h0342
=CAT  \\$aWR13.117$c20130718$lBLL01$h1855
=CAT  \\$a12842$b40$c20131012$lBLL01$h1448
=CAT  \\$aW1606-1727$c20160825$lBLL01$h1743
=CAT  \\$a8250$b40$c20220411$lBLL01$h1208
=CAT  \\$a14185$b40$c20221201$lBLL01$h1606
=CAT  \\$a14185$b40$c20221202$lBLL01$h1520
=FIN  \\$aY$d20130409
=FMT  \\$a  MP
=LAS  \\$a14185$b40$c20221202$lBLL01$h1520

