=LDR  02540cem a2200529 i 4500
=001  016317953
=003  Uk
=005  20220411120946.0
=007  aj\aanzn
=008  130409s1755\\\\enk||||||\a\\\\\0\\\eng|\
=034  0\$aa
=040  \\$aUk$beng$cUk$dUk$erda
=042  \\$aukblsr
=082  04$a912.4212$223
=100  1\$aBlome, Richard,$d-1705.
=245  12$aA MAP OF ST. GILESS CRIPPLE GATE WITHOUT :$bwith large additions and corrections.
=255  \\$aScale not given.
=264  \1$a[London],$c1755.
=300  \\$a1 map ;$c27 x 36 cm
=336  \\$acartographic image$2rdacontent
=337  \\$aunmediated$2rdamedia
=338  \\$asheet$2rdacarrier
=500  \\$aFrom J. Strype's edition of J. Stow's Survey of the Cities of London and Westminster and borough of Southwark ..., published in 1754-56.
=500  \\$aIncludes table of reference, bottom left and right margin.
=500  \\$aBelow map: Publish'd according to Act of Parliament 1755 for Stow's Survey, 49.
=500  \\$aA number of additions have been made: Middle Moor Fields named, new streets and buildings inserted in Bunhill Fields area.
=510  4\$aCrace, John Gregory, A catalogue of maps, plans and views of London, Westminster and Southwark collected and arranged by Frederick Crace (1878),$cnumber 1, page 113
=510  4\$aFrench, Josephine. Tooley's dictionary of mapmakers A-D (1999),$cpage 151
=510  4\$aWorms, Laurence, Baynton-Williams, Ashley. British map engravers: a dictionary of engravers, lithographers and their principal employers,$bto 1850,$cpage 90-91
=651  \0$aCripplegate (London, England)$vMaps$vEarly works to 1800.
=651  \0$aLondon (England)$vMaps$vEarly works to 1800.
=700  1\$aCrace, Frederick,$d1779-1859,$eformer owner.
=700  1\$aCrace, John Gregory,$d1809-1889,$edonor.
=852  41$aBritish Library$bMAPS$jMaps Crace Port. 16.1.(2.)
=856  41$3Copy at Maps Crace Port. 16.1.(2.)$uhttp://www.bl.uk/onlinegallery/onlineex/crace/a/007000000000016u000010b0.html$yDigitised map
=985  \\$aRecord amended for WR# 13/070
=985  \\$aRecord amended for WR1606-1727
=CAT  \\$a12842$b40$c20130409$lBLL01$h1806
=CAT  \\$a12842$b40$c20130409$lBLL01$h1912
=CAT  \\$aWR13_070$b00$c20130504$lBLL01$h0342
=CAT  \\$aWR13.117$c20130718$lBLL01$h1855
=CAT  \\$a12842$b40$c20131012$lBLL01$h1449
=CAT  \\$aW1606-1727$c20160825$lBLL01$h1742
=CAT  \\$a8250$b40$c20220411$lBLL01$h1209
=FIN  \\$aY$d20130409
=FMT  \\$a  MP
=LAS  \\$a8250$b40$c20220411$lBLL01$h1209

