=LDR  03045cfm a2200565 i 4500
=001  016317954
=003  Uk
=005  20230223161729.0
=007  aj\canzn
=008  130409q1781\\\\xx\||||||\a\\\\\0\\\eng|\
=034  1\$aa$dW0015426$eW0015451$fN0513144$gN0513131$2bound
=040  \\$aUk$beng$cUk$dUk$erda
=042  \\$aukblsr
=082  04$a912.42143$223
=100  1\$aBaker, J.,$esurveyor.
=245  10$a[Drawn plan of peerless pool and the ground let for building the New St Luke's Hospital in Old Street Road].
=255  \\$aScale not given$c(W 1°54'26"--W 1°54'51"/N 51°31'44"--N 51°31'31").
=264  \0$a[Place of production not identified] :$b[producer not identified],$c[1781?]
=300  \\$a1 map :$bcolour ;$c44 x 46 cm
=336  \\$acartographic image$2rdacontent
=337  \\$aunmediated$2rdamedia
=338  \\$asheet$2rdacarrier
=500  \\$aPen and ink with grey wash on paper.
=500  \\$aDate from pencil annotation at lower right. Title and surveyor's name from A catalogue of maps, plans and views of London, Westminster and Southwark collected and arranged by Frederick Crace, 1878.
=500  \\$aSupplies detailed plan of premises and grounds in lease to the St Luke's Hospital. Labelled and coloured for reference.
=510  4\$aCrace, John Gregory, A catalogue of maps, plans and views of London, Westminster and Southwark collected and arranged by Frederick Crace (1878),$cnumber 2, page 113
=520  \\$aPlan of the ground in Old Street, London,let to the governors of St Luke's Hospital to build a new hospital. The plan features scale bar at bottom centre and orientation points on margins, showing the ground plot of the hospital, outlined in green, and the neighbouring alms house, baths and pond.
=650  \0$aArchitecture$zEngland$zLondon$vDesigns and plans$vEarly works to 1800.
=650  \0$aHospitals$zEngland$zLondon$vMaps.
=650  \0$aReal property$zEngland$zLondon$vMaps.
=651  \0$aIslington (London, England)$vMaps$vEarly works to 1800.
=651  \0$aLondon (England)$vMaps$vEarly works to 1800.
=655  \7$aEarly maps.$2fast$0(OCoLC)fst01752681
=700  1\$aCrace, Frederick,$d1779-1859,$eformer owner.
=700  1\$aCrace, John Gregory,$d1809-1889,$edonor.
=852  41$aBritish Library$bMAPS$jMaps Crace Port. 16.2
=856  41$3Copy at Maps Crace Port. 16.2$uhttp://www.bl.uk/onlinegallery/onlineex/crace/other/007000000000016u00002000.html$yDigitised map
=985  \\$aUpgraded from BL georeferencer data 2022-11-17.
=985  \\$aRecord amended for WR1606-1727
=985  \\$aUpdated by MS generated file for WR2302-017
=CAT  \\$a12842$b40$c20130409$lBLL01$h1833
=CAT  \\$aWR13.117$c20130718$lBLL01$h1855
=CAT  \\$a12842$b40$c20131012$lBLL01$h1451
=CAT  \\$aW1606-1727$c20160825$lBLL01$h1742
=CAT  \\$a14185$b40$c20221201$lBLL01$h1821
=CAT  \\$a14185$b40$c20221204$lBLL01$h2016
=CAT  \\$aW2302-0174$c20230223$lBLL01$h1959
=FIN  \\$aY$d20130409
=FMT  \\$a  MP
=LAS  \\$aW2302-0174$b00$c20230223$lBLL01$h1959

