=LDR  03360cem a2200613 i 4500
=001  016318254
=003  Uk
=005  20230223161730.0
=007  aj\aanzn
=008  130410s1745\\\\enk||||||\a\\\\\0\\\eng|\
=034  1\$aa$dW0015409$eW0015626$fN0513227$gN0513102$2bound
=040  \\$aUk$beng$cUk$dUk$erda
=042  \\$aukblsr
=082  04$a912.42144$223
=100  1\$aChassereau, Pierre,$esurveyor.
=245  13$aAn Actual Survey of the Parish of St. Leonard, in Shoreditch, Middlesex, :$btaken in the Year 1746, /$cby Peter Chassereau Surveyor ; James Cole in Hatton Garden sculp.
=255  \\$aScale not given$c(W 1°54'09"--W 1°56'26"/N 51°32'27"--N 51°31'02").
=264  \1$a[London] :$b[publisher not identified],$c1745.
=300  \\$a1 map ;$c50 x 54 cm
=336  \\$acartographic image$2rdacontent
=337  \\$aunmediated$2rdamedia
=338  \\$asheet$2rdacarrier
=500  \\$aShows individual parcels with landowners' and leaseholders' names given and dimensions reported. Parish boundary indicated by pecked line. Numbered and lettered for reference with an index at bottom right.
=510  4\$aCrace, John Gregory, A catalogue of maps, plans and views of London, Westminster and Southwark collected and arranged by Frederick Crace (1878),$cnumber 4, page 113
=510  4\$aFrench, Josephine. Tooley's dictionary of mapmakers A-D (1999),$cpage 258
=510  4\$aWorms, Laurence, Baynton-Williams, Ashley. British map engravers: a dictionary of engravers, lithographers and their principal employers,$bto 1850,$cpages 154-155
=520  \\$aPlan of the parish of St. Leonard in Shoreditch with title in cartouche at top left, compass at top right, scale bar at bottom centre and key to streets, courts, alleys, squares etc. in table at lower right. Each field in the parish is shown with the name of the landlord or tenant and the dimensions.
=650  \0$aParishes$zEngland$zLondon$vMaps$vEarly works to 1800.
=650  \0$aReal property$zEngland$zLondon$vMaps$vEarly works to 1800.
=651  \0$aHackney (London, England)$vMaps$vEarly works to 1800.
=651  \0$aLondon (England)$vMaps$vEarly works to 1800.
=655  \7$aEarly maps.$2fast$0(OCoLC)fst01752681
=700  1\$aCrace, Frederick,$d1779-1859,$eformer owner.
=700  1\$aCrace, John Gregory,$d1809-1889,$edonor.
=700  1\$aCole, James$c(Engraver),$eengraver.
=852  41$aBritish Library$bMAPS$jMaps Crace Port. 16.4
=856  41$3Copy at Maps Crace Port. 16.4$uhttp://www.bl.uk/onlinegallery/onlineex/crace/a/007000000000016u00004000.html$yDigitised map
=985  \\$aUpgraded from BL georeferencer data 2022-11-17.
=985  \\$aRecord amended for WR1606-1727
=985  \\$aUpdated by MS generated file for WR2302-017
=CAT  \\$a12842$b40$c20130410$lBLL01$h1502
=CAT  \\$a12842$b40$c20130410$lBLL01$h1512
=CAT  \\$a12842$b40$c20130703$lBLL01$h1352
=CAT  \\$aWR13.117$c20130718$lBLL01$h1855
=CAT  \\$a5100$b40$c20130723$lBLL01$h1205
=CAT  \\$a5100$b40$c20130723$lBLL01$h1232
=CAT  \\$aW1606-1727$c20160825$lBLL01$h1742
=CAT  \\$a7416$b40$c20200220$lBLL01$h1606
=CAT  \\$a14185$b40$c20221201$lBLL01$h1607
=CAT  \\$a14185$b40$c20221202$lBLL01$h1522
=CAT  \\$aW2302-0174$c20230223$lBLL01$h1959
=FIN  \\$aY$d20130410
=FMT  \\$a  MP
=LAS  \\$aW2302-0174$b00$c20230223$lBLL01$h1959

