=LDR  02660cem a2200529 i 4500
=001  016318275
=003  Uk
=005  20230223161730.0
=007  aj\aanzn
=008  130410q1740\\\\xx\||||||\a\\\\\0\\\eng|\
=034  1\$aa$dW0015416$eW0015528$fN0513141$gN0513104$2bound
=040  \\$aUk$beng$cUk$dUk$erda
=042  \\$aukblsr
=082  04$a912.42144$223
=245  03$a[A survey of roads from Old Street Church to Shoreditch Church].
=255  \\$aScale not determined$c(W 1°54'16"--W 1°55'28"/N 51°31'41"--N 51°31'04").
=264  \1$a[Place of publication not identified] :$b[publisher not identified],$c[about 1740]
=300  \\$a1 plan ;$c20 x 24 cm
=336  \\$acartographic image$2rdacontent
=337  \\$aunmediated$2rdamedia
=338  \\$asheet$2rdacarrier
=500  \\$aSurvey of the roads from Old Street Church to Shoreditch Church with both churches shown pictorially, scale bar at lower right, orientation points marked on margins and key to distances between junctions in table at middle left.
=500  \\$aUnsigned and undated. Date and title from A catalogue of maps, plans and views of London, Westminster and Southwark collected and arranged by Frederick Crace, 1878.
=500  \\$aLettered for reference with a key at left centre.
=510  4\$aCrace, John Gregory, A catalogue of maps, plans and views of London, Westminster and Southwark collected and arranged by Frederick Crace (1878),$cnumber 5, page 113
=650  \0$aRoads$zEngland$zLondon$vMaps.
=651  \0$aHackney (London, England)$vMaps$vEarly works to 1800.
=651  \0$aShoreditch (London, England)$vMaps$vEarly works to 1800.
=651  \0$aLondon (England)$vMaps$vEarly works to 1800.
=655  \7$aEarly maps.$2fast$0(OCoLC)fst01752681
=700  1\$aCrace, Frederick,$d1779-1859,$eformer owner.
=700  1\$aCrace, John Gregory,$d1809-1889,$edonor.
=852  41$aBritish Library$bMAPS$jMaps Crace Port. 16.5
=856  41$3Copy at Maps Crace Port. 16.5$uhttp://www.bl.uk/onlinegallery/onlineex/crace/a/007000000000016u00005000.html$yDigitised map
=985  \\$aUpgraded from georeferencer data 2022-12-16.
=985  \\$aRecord amended for WR1606-1727
=985  \\$aUpdated by MS generated file for WR2302-017
=CAT  \\$a12842$b40$c20130410$lBLL01$h1539
=CAT  \\$aWR13.117$c20130718$lBLL01$h1855
=CAT  \\$a12842$b40$c20131012$lBLL01$h1457
=CAT  \\$aW1606-1727$c20160825$lBLL01$h1742
=CAT  \\$a14185$b40$c20221218$lBLL01$h1853
=CAT  \\$a14185$b40$c20221219$lBLL01$h0936
=CAT  \\$aW2302-0174$c20230223$lBLL01$h1959
=FIN  \\$aY$d20130410
=FMT  \\$a  MP
=LAS  \\$aW2302-0174$b00$c20230223$lBLL01$h1959

