=LDR  02717cem a2200565 i 4500
=001  016318329
=003  Uk
=005  20221219093602.0
=007  aj\aanzn
=008  130410s1809\\\\xx\||||||\a\\\\\0\\\eng|\
=034  1\$aa$b2190$dW0015403$eW0015522$fN0513139$gN0513112$2bound
=040  \\$aUk$beng$cUk$dUk$erda
=042  \\$aukblsr
=082  04$a912.42144$223
=100  1\$aWickings, W.$q(William),$d1756 or 1757-1841,$esurveyor.
=245  10$aPlan of the Highways held under the Trustees of the OLD STREET TURNPIKE ROADS, in the County of Middlesex /$cSurveyed by W. WICKINGS, 1809.
=255  \\$aScale approximately 1:2190$c(W 1°54'03"--W 1°55'22"/N 51°31'39"--N 51°31'12").
=264  \1$a[Place of publication not identified] :$b[publisher not identified],$c1809.
=300  \\$a1 map ;$c35 x 67 cm
=336  \\$acartographic image$2rdacontent
=337  \\$aunmediated$2rdamedia
=338  \\$asheet$2rdacarrier
=500  \\$aSurvey of the streets in the Old Street Turnpike Roads Trust, London, from Goswell Street to Hackney Road.
=500  \\$aTitle and scale bar at lower left, compass at centre, and key to distances between junctions in table at lower right.
=510  4\$aCrace, John Gregory, A catalogue of maps, plans and views of London, Westminster and Southwark collected and arranged by Frederick Crace (1878),$cnumber 6, page 114
=510  4\$aBendall, Sarah. Dictionary of land surveyors and local map-makers of Great Britain and Ireland (1997),$b1530-1850,$cnumber W329, page 553
=650  \0$aRoads$zEngland$zLondon$vMaps.
=651  \0$aHackney (London, England)$vMaps.
=651  \0$aShoreditch (London, England)$vMaps.
=651  \0$aLondon (England)$vMaps.
=700  1\$aCrace, Frederick,$d1779-1859,$eformer owner.
=700  1\$aCrace, John Gregory,$d1809-1889,$edonor.
=852  41$aBritish Library$bMAPS$jMaps Crace Port. 16.6
=856  41$3Copy at Maps Crace Port. 16.6$uhttp://www.bl.uk/onlinegallery/onlineex/crace/p/007000000000016u00006000.html$yDigitised map
=985  \\$aUpgraded from georeferencer data 2022-12-16.
=985  \\$a100 NEW
=985  \\$aRecord amended for WR1606-1727
=CAT  \\$a12842$b40$c20130410$lBLL01$h1640
=CAT  \\$a12842$b40$c20130410$lBLL01$h1641
=CAT  \\$a12842$b40$c20130410$lBLL01$h1646
=CAT  \\$a12842$b40$c20130703$lBLL01$h1520
=CAT  \\$aWR13.117$c20130718$lBLL01$h1855
=CAT  \\$a8962$b40$c20130731$lBLL01$h1438
=CAT  \\$a12842$b40$c20131012$lBLL01$h1458
=CAT  \\$aW1606-1727$c20160825$lBLL01$h1742
=CAT  \\$a14185$b40$c20221218$lBLL01$h1853
=CAT  \\$a14185$b40$c20221219$lBLL01$h0936
=FIN  \\$aY$d20130410
=FMT  \\$a  MP
=LAS  \\$a14185$b40$c20221219$lBLL01$h0936

