=LDR  03179cem a2200601 i 4500
=001  016318339
=003  Uk
=005  20230223161730.0
=007  aj\canzn
=008  130410q1809\\\\enk||||||\a\\\\\0\\\eng|\
=034  1\$aa$b4850$dW0015326$eW0015452$fN0513200$gN0513056$2bound
=040  \\$aUk$beng$cUk$dUk$erda
=042  \\$aukblsr
=082  04$a912.42143$223
=100  1\$aWickings, W.$q(William),$d1756 or 1757-1841,$esurveyor.
=245  10$aPLAN of the CITY ROAD Taken at Midsummer 1805 BY ORDER OF THE TRUSTEES /$cBY W. WICKINGS ; D. Wright sculp., No. 6 Queen Street, Islington.
=255  \\$aScale approximately 1:4 850$c(W 1°53'26"--W 1°54'52"/N 51°32'00"--N 51°30'56").
=264  \1$a[London] :$b[publisher not identified],$c[1809]
=300  \\$a1 map :$bcolour ;$c27 x 47 cm
=336  \\$acartographic image$2rdacontent
=337  \\$aunmediated$2rdamedia
=338  \\$asheet$2rdacarrier
=500  \\$aDate from A catalogue of maps, plans and views of London, Westminster and Southwark collected and arranged by Frederick Crace, 1878.
=500  \\$aColoured and lettered for reference with explanation at lower right.
=510  4\$aCrace, John Gregory, A catalogue of maps, plans and views of London, Westminster and Southwark collected and arranged by Frederick Crace (1878),$cnumber 7, page 114
=510  4\$aBendall, Sarah. Dictionary of land surveyors and local map-makers of Great Britain and Ireland (1997),$b1530-1850,$cnumber W329, page 553
=510  4\$aWorms, Laurence, Baynton-Williams, Ashley. British map engravers: a dictionary of engravers, lithographers and their principal employers,$bto 1850,$cpage 736
=520  \\$aSurvey of the City Road, London, from the Angel Inn in Islington to Finsbury Square with title and imprint at top left, compass in the centre, scale bar at bottom right and note on paving of Finsbury Square at lower right.
=650  \0$aRoads$zEngland$zLondon$vMaps.
=651  \0$aHackney (London, England)$vMaps.
=651  \0$aShoreditch (London, England)$vMaps.
=655  \7$aMaps.$2fast$0(OCoLC)fst01423704
=700  1\$aCrace, Frederick,$d1779-1859,$eformer owner.
=700  1\$aCrace, John Gregory,$d1809-1889,$edonor.
=700  1\$aWright, David,$dactive 1806-1840,$eengraver.
=852  41$aBritish Library$bMAPS$jMaps Crace Port. 16.7
=856  41$3Copy at Maps Crace Port. 16.7$uhttp://www.bl.uk/onlinegallery/onlineex/crace/p/007000000000016u00007000.html$yDigitised map
=985  \\$aUpgraded from BL georeferencer data 2022-11-17.
=985  \\$a700 NEW
=985  \\$aRecord amended for WR1606-1727
=985  \\$aUpdated by MS generated file for WR2302-017
=CAT  \\$a12842$b40$c20130410$lBLL01$h1701
=CAT  \\$a12842$b40$c20130410$lBLL01$h1719
=CAT  \\$aWR13.117$c20130718$lBLL01$h1855
=CAT  \\$a8962$b40$c20130731$lBLL01$h1437
=CAT  \\$a12842$b40$c20131012$lBLL01$h1500
=CAT  \\$aW1606-1727$c20160825$lBLL01$h1742
=CAT  \\$a14185$b40$c20221201$lBLL01$h1608
=CAT  \\$a14185$b40$c20221202$lBLL01$h1523
=CAT  \\$aW2302-0174$c20230223$lBLL01$h1959
=FIN  \\$aY$d20130410
=FMT  \\$a  MP
=LAS  \\$aW2302-0174$b00$c20230223$lBLL01$h1959

