=LDR  03200cfm a2200613 i 4500
=001  016318343
=003  Uk
=005  20230223161730.0
=007  aj\canzn
=008  130410s1799\\\\enk||||||\a\\\\\0\\\eng|\
=034  1\$aa$dW0015352$eW0015519$fN0513200$gN0513122$2bound
=040  \\$aUk$beng$cUk$dUk$erda
=042  \\$aukblsr
=082  04$a912.42143$223
=082  04$a912.42144$223
=100  10$aPride, Thomas,$esurveyor.
=245  12$aA PLAN of the MANOR OF WENLOCK BARN, in the Parishes of St. Leonard Shoreditch & St. Luke, Middlesex /$cSurveyed 1799 By Thos. Pride.
=255  \\$aScale not given$c(W 1°53'52"--W 1°55'19"/N 51°32'00"--N 51°31'22").
=264  \0$a[London] :$bT. Pride Surveyor, 20 King Street Bloomsbury,$c1799.
=300  \\$a1 map :$bcolour ;$c41 x 64 cm
=336  \\$acartographic image$2rdacontent
=337  \\$aunmediated$2rdamedia
=338  \\$asheet$2rdacarrier
=500  \\$aPen and ink with wash on paper.
=500  \\$aColoured and labelled for reference with names of landowners given. Below map: T. Pride Surveyor, 20 King Street Bloomsbury.
=510  4\$aCrace, John Gregory, A catalogue of maps, plans and views of London, Westminster and Southwark collected and arranged by Frederick Crace (1878),$cnumber 9, page 114
=510  4\$aBendall, Sarah. Dictionary of land surveyors and local map-makers of Great Britain and Ireland (1997),$b1530-1850,$cnnumber P335, page 416
=510  4\$aScott, Valerie. Tooley's dictionary of mapmakers K-P (2003),$cpage 462
=520  \\$aDrawn plan of the Manor of Wenlock Barn in Shoreditch, London, with title at lower right, scale bar at bottom centre and compass at the top of the sheet. The plan shows the the newly opened City Road and all the turnpikes on nearby roads.
=650  \0$aArchitectural drawing$zEngland$zLondon$vMaps$vEarly works to 1800.
=650  \0$aReal property$zEngland$zLondon$vMaps$vEarly works to 1800.
=650  \0$aToll roads$zEngland$zLondon$vMaps$vEarly works to 1800.
=651  \0$aShoreditch (London, England)$vMaps$vEarly works to 1800.
=651  \0$aLondon (England)$vMaps$vEarly works to 1800.
=655  \7$aEarly maps.$2fast$0(OCoLC)fst01752681
=700  1\$aCrace, Frederick,$d1779-1859,$eformer owner.
=700  1\$aCrace, John Gregory,$d1809-1889,$edonor.
=852  41$aBritish Library$bMAPS$jMaps Crace Port. 16.9
=856  41$3Copy at Maps Crace Port. 16.9$uhttp://www.bl.uk/onlinegallery/onlineex/crace/a/007000000000016u00009000.html$yDigitised map
=985  \\$aUpgraded from BL georeferencer data 2022-11-17.
=985  \\$aRecord amended for WR1606-1727
=985  \\$aUpdated by MS generated file for WR2302-017
=CAT  \\$a12842$b40$c20130410$lBLL01$h1721
=CAT  \\$a12842$b40$c20130410$lBLL01$h1722
=CAT  \\$aWR13.117$c20130718$lBLL01$h1855
=CAT  \\$a12842$b40$c20131012$lBLL01$h1504
=CAT  \\$aW1606-1727$c20160825$lBLL01$h1742
=CAT  \\$aBATCH-UPD$b00$c20160825$lBLL01$h1744
=CAT  \\$a14185$b40$c20221201$lBLL01$h1608
=CAT  \\$a14185$b40$c20221202$lBLL01$h1523
=CAT  \\$aW2302-0174$c20230223$lBLL01$h1959
=FIN  \\$aY$d20130410
=FMT  \\$a  MP
=LAS  \\$aW2302-0174$b00$c20230223$lBLL01$h1959

