=LDR  02936cem a2200601 i 4500
=001  016318668
=003  Uk
=005  20230223161730.0
=007  aj\canzn
=008  130411s1832\\\\enk||||||\a\\\\\0\\\eng|\
=034  1\$aa$dW0015506$eW0015521$fN0513138$gN0513128$2bound
=040  \\$aUk$beng$cUk$dUk$erda
=042  \\$aukblsr
=082  04$a912.42144$223
=100  1\$aCartwright, R.$q(Richard),$d-1865,$elithographer.
=245  10$aPlan of an Estate in ST. LEONARDS, SHOREDITCH. :$bFOR SALE BY MESSRS. CRAWTER, on WEDNESDAY, OTCR. 31, 1832, and following days.
=255  \\$aScale not given$c(W 1°55'06"--W 1°55'21"/N 51°31'38"--N 51°31'28").
=264  \1$a[London] :$bR. Cartwright Lithog. 1 Warwick Place Bedford Row,$c1832.
=300  \\$a1 map :$bcolour ;$c47 x 59 cm
=336  \\$acartographic image$2rdacontent
=337  \\$aunmediated$2rdamedia
=338  \\$asheet$2rdacarrier
=500  \\$aEstate divided into lots which are labelled and numbered for reference; house numbers given.
=510  4\$aCrace, John Gregory, A catalogue of maps, plans and views of London, Westminster and Southwark collected and arranged by Frederick Crace (1878),$cnumber 14, page 115
=510  4\$aWorms, Laurence, Baynton-Williams, Ashley. British map engravers: a dictionary of engravers, lithographers and their principal employers,$bto 1850,$cpages 127-128
=520  \\$aPlan of an estate in Shoreditch with title and imprint at bottom centre. The estate is divided into lots for the sale at auction by Crawter Auctioneers.
=650  \0$aAuctions$zEngland$zLondon$vMaps.
=650  \0$aReal property$zEngland$zLondon$vMaps.
=651  \0$aLondon (England)$vMaps.
=651  \0$aShoreditch (London, England)$vMaps.
=655  \7$aMaps.$2fast$0(OCoLC)fst01423704
=700  1\$aCrace, Frederick,$d1779-1859,$eformer owner.
=700  1\$aCrace, John Gregory,$d1809-1889,$edonor.
=852  41$aBritish Library$bMAPS$jMaps Crace Port. 16.14
=856  41$3Copy at Maps Crace Port. 16.14$uhttp://www.bl.uk/onlinegallery/onlineex/crace/p/007000000000016u00014000.html$yDigitised map
=985  \\$aUpgraded from BL georeferencer data 2022-11-17.
=985  \\$aRecord amended for WR# 13/070
=985  \\$aRecord amended for WR1606-1727
=985  \\$aUpdated by MS generated file for WR2302-017
=CAT  \\$a12842$b40$c20130411$lBLL01$h1502
=CAT  \\$a12842$b40$c20130411$lBLL01$h1524
=CAT  \\$a12842$b40$c20130411$lBLL01$h1527
=CAT  \\$a12842$b40$c20130412$lBLL01$h1726
=CAT  \\$aWR13_070$b00$c20130504$lBLL01$h0342
=CAT  \\$aWR13.117$c20130718$lBLL01$h1855
=CAT  \\$a12842$b40$c20131012$lBLL01$h1515
=CAT  \\$aW1606-1727$c20160825$lBLL01$h1742
=CAT  \\$a14185$b40$c20221201$lBLL01$h1608
=CAT  \\$a14185$b40$c20221202$lBLL01$h1524
=CAT  \\$aW2302-0174$c20230223$lBLL01$h1959
=FIN  \\$aY$d20130411
=FMT  \\$a  MP
=LAS  \\$aW2302-0174$b00$c20230223$lBLL01$h1959

