=LDR  03346cem a2200637 i 4500
=001  016318737
=003  Uk
=005  20230223161730.0
=007  aj\aanzn
=008  130411q1720\\\\enk||||||\a\\\\\0\\\eng|\
=034  1\$aa$dW0015605$eW0015746$fN0513043$gN0513008$2bound
=040  \\$aUk$beng$cUk$dUk$erda
=042  \\$aukblsr
=082  04$a912.4215$223
=100  1\$aBlome, Richard,$d-1705,$eengraver.
=245  14$aThe PARISH of ST JOHNS WAPPING. The Parish of ST PAUL SHADWELL.
=255  \\$aScale not given$c(W 1°56'05"--W 1°57'46"/N 51°30'43"--N 51°30'08").
=264  \1$a[London],$c[1720]
=300  \\$a2 maps on 1 sheet ;$c28 x 37 cm
=336  \\$acartographic image$2rdacontent
=337  \\$aunmediated$2rdamedia
=338  \\$asheet$2rdacarrier
=500  \\$aFrom vol. 2 of J. Stow's Survey of the Cities of London and Westminster ... published by J. Strype in 1720.
=500  \\$aIncludes two tables of reference, left centre and lower right. Top right corner: V2, B4, P47.
=510  4\$aCrace, John Gregory, A catalogue of maps, plans and views of London, Westminster and Southwark collected and arranged by Frederick Crace (1878),$cnumber 16, page 115
=510  4\$aFrench, Josephine. Tooley's dictionary of mapmakers A-D (1999),$cpage 151
=510  4\$aWorms, Laurence, Baynton-Williams, Ashley. British map engravers: a dictionary of engravers, lithographers and their principal employers,$bto 1850,$cpages 90-91
=520  \\$aPlan in two sections representing the parishes of St. John, Wapping and St. Paul's, Shadwell published in Strype's 1720 annotated edition of Stow's 'Survey of England'. The plan features title along the top, key to streets, courts, churches etc. in both parishes at upper left and lower right, compass at lower left and scale bar at bottom right.
=650  \0$aParishes$zEngland$zLondon$vMaps$vEarly works to 1800.
=651  \0$aLondon (England)$vMaps$vEarly works to 1800.
=651  \0$aTower Hamlets (London, England)$vMaps$vEarly works to 1800.
=651  \0$aWapping (London, England)$vMaps$vEarly works to 1800.
=655  \7$aEarly maps.$2fast$0(OCoLC)fst01752681
=700  1\$aCrace, Frederick,$d1779-1859,$eformer owner.
=700  1\$aCrace, John Gregory,$d1809-1889,$edonor.
=700  1\$aStow, John,$d1525?-1605.
=700  1\$aStrype, John,$d1643-1737,$epublisher.
=852  41$aBritish Library$bMAPS$jMaps Crace Port. 16.16
=856  41$3Copy at Maps Crace Port. 16.16$uhttp://www.bl.uk/onlinegallery/onlineex/crace/t/007000000000016u00016000.html$yDigitised map
=985  \\$aUpgraded from BL georeferencer data 2022-11-17.
=985  \\$aRecord amended for WR# 13/070
=985  \\$aRecord amended for WR1606-1727
=985  \\$aUpdated by MS generated file for WR2302-017
=CAT  \\$a12842$b40$c20130411$lBLL01$h1713
=CAT  \\$a12842$b40$c20130411$lBLL01$h1721
=CAT  \\$a12842$b40$c20130411$lBLL01$h1733
=CAT  \\$aWR13_070$b00$c20130504$lBLL01$h0342
=CAT  \\$aWR13.117$c20130718$lBLL01$h1855
=CAT  \\$a12842$b40$c20131012$lBLL01$h1521
=CAT  \\$aW1606-1727$c20160825$lBLL01$h1743
=CAT  \\$a14185$b40$c20221201$lBLL01$h1609
=CAT  \\$a14185$b40$c20221202$lBLL01$h1525
=CAT  \\$aW2302-0174$c20230223$lBLL01$h1959
=FIN  \\$aY$d20130411
=FMT  \\$a  MP
=LAS  \\$aW2302-0174$b00$c20230223$lBLL01$h1959

