=LDR  03469cem a2200649 i 4500
=001  016318747
=003  Uk
=005  20230223161730.0
=007  aj\aanzn
=008  130411s1755\\\\enk||||||\a\\\\\0\\\eng|\
=034  1\$aa$b5500$dW0015519$eW0015638$fN0513114$gN0513009$2bound
=040  \\$aUk$beng$cUk$dUk$erda
=042  \\$aukblsr
=082  04$a912.4215$223
=100  1\$aBlome, Richard,$d-1705,$eengraver.
=245  10$aSt. MARY, WHITE CHAPEL and St. JOHN, WAPPING Parish :$bTaken from ye last Survey With Corrections and Additions.
=255  \\$aScale approximately 1:5 500$c(W 1°55'19"--W 1°56'38"/N 51°31'14"--N 51°30'09").
=264  \1$a[London],$c1755.
=300  \\$a1 map ;$c36 x 29 cm
=336  \\$acartographic image$2rdacontent
=337  \\$aunmediated$2rdamedia
=338  \\$asheet$2rdacarrier
=500  \\$aFrom J. Strype's edition of J. Stow's Survey of the Cities of London and Westminster and borough of Southwark ..., published in 1754-56.
=500  \\$aIncludes table of reference, right centre. Prominent buildings shown pictorially.
=500  \\$aBelow map: Publish'd according to Act of Parliament 1755 for Stow's Survey, 83.
=510  4\$aCrace, John Gregory, A catalogue of maps, plans and views of London, Westminster and Southwark collected and arranged by Frederick Crace (1878),$cnumber 17, page 115
=510  4\$aFrench, Josephine. Tooley's dictionary of mapmakers A-D (1999),$cpage 151
=510  4\$aWorms, Laurence, Baynton-Williams, Ashley. British map engravers: a dictionary of engravers, lithographers and their principal employers,$bto 1850,$cpages 90-91
=520  \\$aPlan of the parishes of St. Mary, White Chapel and St. John, Wapping published in Strype's 1755 edition of Stow's 'Survey of England'. The plan features title, in cartouche, compass and key to places in the parishes down the right side of the plate and scale bar at lower left.
=650  \0$aParishes$zEngland$zLondon$vMaps$vEarly works to 1800.
=651  \0$aLondon (England)$vMaps$vEarly works to 1800.
=651  \0$aTower Hamlets (London, England)$vMaps$vEarly works to 1800.
=651  \0$aWapping (London, England)$vMaps$vEarly works to 1800.
=651  \0$aWhitechapel (London, England)$vMaps$vEarly works to 1800.
=655  \7$aEarly maps.$2fast$0(OCoLC)fst01752681
=700  1\$aCrace, Frederick,$d1779-1859,$eformer owner.
=700  1\$aCrace, John Gregory,$d1809-1889,$edonor.
=700  1\$aStow, John,$d1525?-1605.
=700  1\$aStrype, John,$d1643-1737,$epublisher.
=852  41$aBritish Library$bMAPS$jMaps Crace Port. 16.17
=856  41$3Copy at Maps Crace Port. 16.17$uhttp://www.bl.uk/onlinegallery/onlineex/crace/s/007000000000016u00017000.html$yDigitised map
=985  \\$aUpgraded from BL georeferencer data 2022-11-17.
=985  \\$aRecord amended for WR# 13/070
=985  \\$aRecord amended for WR1606-1727
=985  \\$aUpdated by MS generated file for WR2302-017
=CAT  \\$a12842$b40$c20130411$lBLL01$h1736
=CAT  \\$a12842$b40$c20130411$lBLL01$h1742
=CAT  \\$aWR13_070$b00$c20130504$lBLL01$h0342
=CAT  \\$aWR13.117$c20130718$lBLL01$h1855
=CAT  \\$a12842$b40$c20131012$lBLL01$h1522
=CAT  \\$aW1606-1727$c20160825$lBLL01$h1742
=CAT  \\$a14185$b40$c20221201$lBLL01$h1609
=CAT  \\$a14185$b40$c20221202$lBLL01$h1525
=CAT  \\$aW2302-0174$c20230223$lBLL01$h1959
=FIN  \\$aY$d20130411
=FMT  \\$a  MP
=LAS  \\$aW2302-0174$b00$c20230223$lBLL01$h1959

