=LDR  03422cem a2200625 i 4500
=001  016324444
=003  Uk
=005  20230223161733.0
=007  aj\aanzn
=008  130423s1755\\\\enk||||||\a\\\\\0\\\eng|\
=034  1\$aa$dW0015429$eW0015635$fN0513023$gN0512934$2bound
=040  \\$aUk$beng$cUk$dUk$erda
=042  \\$aukblsr
=082  04$a912.42164$223
=100  1\$aBlome, Richard,$d-1705,$eengraver.
=245  12$aA MAP OF THE PARISH OF ST MARY MAGDALEN BERMONDSEY.
=255  \\$aScale not given$c(W 1°54'29"--W 1°56'35"/N 51°30'23"--N 51°29'34").
=264  \1$a[London],$c1755.
=300  \\$a1 map ;$c26 x 37 cm
=336  \\$acartographic image$2rdacontent
=337  \\$aunmediated$2rdamedia
=338  \\$asheet$2rdacarrier
=500  \\$aFrom J. Strype's edition of J. Stow's Survey of the Cities of London and Westminster and borough of Southwark ..., published in 1754-56.
=500  \\$aLandmarks lettered and numbered with a tables of reference at upper left and lower right.
=500  \\$aBelow map: Publish'd according to Act of Parliament 1755 for Stows Survey, 82.
=510  4\$aCrace, John Gregory, A catalogue of maps, plans and views of London, Westminster and Southwark collected and arranged by Frederick Crace (1878),$cnumber 35, page 118
=520  \\$aThis parish plan was published in Strype's 1755 annotated edition of Stow's 'Survey of England'. The title appears along the top, with a key to streets, lanes, courts and alleys in tables at top left and lower right, compass rose in the centre, and scale bar at bottom right. Damaged by repeated flooding, the old medieval parish church of St. Mary was demolished at the beginning of the 18th century. In 1715, a new parish church was erected on the site with funds raised by the parishioners themselves after the Commissioners of the Fifty New Churches Act turned down their request for money.
=650  \0$aParishes$zEngland$zLondon$vMaps$vEarly works to 1800.
=651  \0$aBermondsey (London, England)$vMaps$vEarly works to 1800.
=651  \0$aLondon (England)$vMaps$vEarly works to 1800.
=651  \0$aSouthwark (London, England)$vMaps$vEarly works to 1800.
=655  \7$aEarly maps.$2fast$0(OCoLC)fst01752681
=700  1\$aCrace, Frederick,$d1779-1859,$eformer owner.
=700  1\$aCrace, John Gregory,$d1809-1889,$edonor.
=700  1\$aStow, John,$d1525?-1605.
=700  1\$aStrype, John,$d1643-1737,$epublisher.
=852  41$aBritish Library$bMAPS$jMaps Crace Port. 16.35
=856  41$3Copy at Maps Crace Port. 16.35$uhttp://www.bl.uk/onlinegallery/onlineex/crace/a/007000000000016u00035000.html$yDigitised map
=985  \\$aUpgraded from BL georeferencer data 2022-11-17.
=985  \\$aRecord amended for WR# 13/070
=985  \\$aRecord amended for WR1606-1727
=985  \\$aUpdated by MS generated file for WR2302-017
=CAT  \\$a12842$b40$c20130423$lBLL01$h1507
=CAT  \\$a12842$b40$c20130423$lBLL01$h1512
=CAT  \\$aWR13_070$b00$c20130504$lBLL01$h0342
=CAT  \\$aWR13.117$c20130718$lBLL01$h1855
=CAT  \\$a12842$b40$c20131012$lBLL01$h1544
=CAT  \\$aW1606-1727$c20160825$lBLL01$h1742
=CAT  \\$a14185$b40$c20221026$lBLL01$h1421
=CAT  \\$a14185$b40$c20221201$lBLL01$h1609
=CAT  \\$a14185$b40$c20221202$lBLL01$h1526
=CAT  \\$aW2302-0174$c20230223$lBLL01$h2000
=FIN  \\$aY$d20130423
=FMT  \\$a  MP
=LAS  \\$aW2302-0174$b00$c20230223$lBLL01$h2000

