=LDR  03311cem a2200613 i 4500
=001  016324474
=003  Uk
=005  20230223161733.0
=007  aj\aanzn
=008  130423q1720\\\\enk||||||\a\\\\\0\\\eng|\
=034  1\$aa$dW0015615$eW0015810$fN0513031$gN0512942$2bound
=040  \\$aUk$beng$cUk$dUk$erda
=042  \\$aukblsr
=082  04$a912.42164$223
=100  10$aPullen, John,$esurveyor.
=245  12$aA MAP OF THE PARISH OF ST MARY ROTHERHITH /$cthe Survey revis.d & corrected by Ino Pullen. Engrav'd by Ino Harris.
=255  \\$aScale not given$c(W 1°56'15"--W 1°58'10"/N 51°30'31"--N 51°29'42").
=264  \1$a[London],$c[1720]
=300  \\$a1 map ;$c26 x 41 cm
=336  \\$acartographic image$2rdacontent
=337  \\$aunmediated$2rdamedia
=338  \\$asheet$2rdacarrier
=500  \\$aFrom vol. 2 of J. Stow's Survey of the Cities of London and Westminster ... published by J. Strype in 1720.
=500  \\$aLandmarks numbered for reference and listed at right centre. Top right corner: V2, B6, P87.
=510  4\$aCrace, John Gregory, A catalogue of maps, plans and views of London, Westminster and Southwark collected and arranged by Frederick Crace (1878),$cnumber 36, page 118
=520  \\$aThis plan was first published in Strype's 1720 annotated edition of Stow's 'Survey of England'. The title appears along the top, with compass rose, scale bar and table of reference in the centre. Damaged by repeated flooding, the old medieval parish church of St. Mary was demolished at the beginning of the 18th century. In 1715, a new parish church was erected on the site with funds raised by the parishioners themselves after the commissioners of the Fifty New Churches Act turned down their request for money.
=650  \0$aParishes$zEngland$zLondon$vMaps$vEarly works to 1800.
=651  \0$aRotherhithe (London, England)$vMaps$vEarly works to 1800.
=651  \0$aSouthwark (London, England)$vMaps$vEarly works to 1800.
=651  \0$aLondon (England)$vMaps$vEarly works to 1800.
=655  \7$aEarly maps.$2fast$0(OCoLC)fst01752681
=700  1\$aCrace, Frederick,$d1779-1859,$eformer owner.
=700  1\$aCrace, John Gregory,$d1809-1889,$edonor.
=700  1\$aHarris, John,$dactive 1680-1739 or 1740,$eengraver.
=700  1\$aStow, John,$d1525?-1605.
=700  1\$aStrype, John,$d1643-1737,$epublisher.
=852  41$aBritish Library$bMAPS$jMaps Crace Port. 16.36.(1.)
=856  41$3Copy at Maps Crace Port. 16.36.(1.)$uhttp://www.bl.uk/onlinegallery/onlineex/crace/a/007000000000016u000360a0.html$yDigitised map
=985  \\$aUpgraded from BL georeferencer data 2022-11-17.
=985  \\$aRecord amended for WR1606-1727
=985  \\$aUpdated by MS generated file for WR2302-017
=CAT  \\$a12842$b40$c20130423$lBLL01$h1547
=CAT  \\$aWR13.117$c20130718$lBLL01$h1855
=CAT  \\$a5100$b40$c20130926$lBLL01$h0816
=CAT  \\$a12842$b40$c20131012$lBLL01$h1545
=CAT  \\$aBATCH-UPD$b40$c20141210$lBLL01$h2034
=CAT  \\$aBATCH-UPD$b40$c20141214$lBLL01$h0143
=CAT  \\$aW1606-1727$c20160825$lBLL01$h1743
=CAT  \\$a14185$b40$c20221201$lBLL01$h1610
=CAT  \\$a14185$b40$c20221202$lBLL01$h1527
=CAT  \\$aW2302-0174$c20230223$lBLL01$h2000
=FIN  \\$aY$d20130423
=FMT  \\$a  MP
=LAS  \\$aW2302-0174$b00$c20230223$lBLL01$h2000

