=LDR  02008 em a2200457 i 4500
=001  016324518
=003  Uk
=005  20130919142453.0
=007  aj\aanzn
=008  130423q1830\\\\enk||||||\a\\\\\0\\\eng|\
=034  0\$aa
=040  \\$aUk$beng$cUk$dUk$erda
=042  \\$aukblsr
=082  04$a912.42164$223
=100  1\$aMartin, Robert,$d1798?-1885,$elithographer.
=245  10$aPART of the MAZE POND ESTATE :$bSketch Plan referred to in the Printed Particular For Sale /$cR. Martin Lithog. 124 High Holborn.
=255  \\$aScale not given.
=264  \1$a[London] :$b[publisher not identified],$c[1830]
=300  \\$a1 map ;$c21 x 32 cm
=336  \\$acartographic image$2rdacontent
=337  \\$aunmediated$2rdamedia
=338  \\$asheet$2rdacarrier
=500  \\$aNumbered and labelled for reference. Date from A catalogue of maps, plans and views of London, Westminster and Southwark collected and arranged by Frederick Crace, 1878.
=510  4\$aCrace, John Gregory, A catalogue of maps, plans and views of London, Westminster and Southwark collected and arranged by Frederick Crace (1878),$cnumber 37, page 118
=650  \0$aReal property$zEngland$zLondon$vMaps.
=650  \0$aAuctions$zEngland$zLondon$vMaps.
=651  \0$aLondon (England)$vMaps.
=651  \0$aSouthwark (London, England)$vMaps.
=700  1\$aCrace, Frederick,$d1779-1859,$eformer owner.
=700  1\$aCrace, John Gregory,$d1809-1889,$edonor.
=852  41$aBritish Library$bMAPS$jMaps Crace Port. 16.37
=856  41$3Copy at Maps Crace Port. 16.37$uhttp://www.bl.uk/onlinegallery/onlineex/crace/p/007000000000016u00037000.html$yDigitised map
=985  \\$aRecord amended for WR1606-1727
=CAT  \\$a12842$b40$c20130423$lBLL01$h1633
=CAT  \\$a12842$b40$c20130703$lBLL01$h1449
=CAT  \\$aWR13.117$c20130718$lBLL01$h1855
=CAT  \\$a5100$b40$c20130919$lBLL01$h1424
=CAT  \\$aW1606-1727$c20160825$lBLL01$h1742
=FIN  \\$aY$d20130423
=FMT  \\$a  MP
=LAS  \\$aW1606-1727$b00$c20160825$lBLL01$h1742

