=LDR  02257cem a2200493 i 4500
=001  016326117
=003  Uk
=005  20230223161734.0
=007  aj\aanzn
=008  130424s1822\\\\enk||||||\a\\\\\0\\\eng|\
=034  0\$aa$dW0000452$eW0000430$fN0512954$gN0512946
=040  \\$aUk$beng$cUk$dUk$erda
=042  \\$aukblsr
=082  04$a912.42164$223
=245  02$aA GROUND PLAN of BERMONDSEY ABBEY. :$bFrom an original Drawing taken in 1679.
=255  \\$aScale not given$c(W 0°04'52"--W 0°04'30"/N 51°29'54"--N 51°29'46").
=264  \1$aLondon :$bPublished by Robert Wilkinson 125 Fenchurch Street,$c1st. January 1822.
=300  \\$a1 plan ;$c28 x 30 cm
=336  \\$acartographic image$2rdacontent
=337  \\$aunmediated$2rdamedia
=338  \\$asheet$2rdacarrier
=500  \\$aLabelled and numbered for reference. Includes two insets: The Old Church of St. Mary Magdalen at top left, and A View of the North and West Gates of the Abbey at bottom right.
=510  4\$aCrace, John Gregory, A catalogue of maps, plans and views of London, Westminster and Southwark collected and arranged by Frederick Crace (1878),$cnumber 38, page 118
=650  \0$aChurch buildings$zEngland$zLondon$vMaps.
=651  \0$aBermondsey (London, England)$vMaps.
=651  \0$aSouthwark (London, England)$vMaps.
=651  \0$aLondon (England)$vMaps.
=655  \7$aMaps.$2fast$0(OCoLC)fst01423704
=700  1\$aCrace, Frederick,$d1779-1859,$eformer owner.
=700  1\$aCrace, John Gregory,$d1809-1889,$edonor.
=700  1\$aWilkinson, Robert,$d1752?-1825,$epublisher.
=852  41$aBritish Library$bMAPS$jMaps Crace Port. 16.38
=856  41$3Copy at Maps Crace Port. 16.38$uhttp://www.bl.uk/onlinegallery/onlineex/crace/a/007000000000016u00038000.html$yDigitised map
=985  \\$aRecord amended for WR1606-1727
=985  \\$aUpdated by MS generated file for WR2302-017
=CAT  \\$a12842$b40$c20130424$lBLL01$h1408
=CAT  \\$a12842$b40$c20130424$lBLL01$h1411
=CAT  \\$aWR13.117$c20130718$lBLL01$h1855
=CAT  \\$a12842$b40$c20131012$lBLL01$h1547
=CAT  \\$aW1606-1727$c20160825$lBLL01$h1742
=CAT  \\$aW2302-0174$c20230223$lBLL01$h2000
=FIN  \\$aY$d20130424
=FMT  \\$a  MP
=LAS  \\$aW2302-0174$b00$c20230223$lBLL01$h2000

