=LDR  02695cfm a2200529 i 4500
=001  016326266
=003  Uk
=005  20230223161734.0
=007  aj\canzn
=008  130424q1800\\\\xx\||||||\a\\\\\0\\\eng|\
=034  1\$aa$dW0015426$eW0015433$fN0513007$gN0513005$2bound
=040  \\$aUk$beng$cUk$dUk$erda
=042  \\$aukblsr
=082  04$a912.42164$223
=245  00$a[Drawn plan of property in Layton's buildings adjoining High Street, Borough].
=255  \\$aScale not given$c(W 1°54'26"--W 1°54'33"/N 51°30'07"--N 51°30'05").
=264  \0$a[Place of production not identified] :$b[producer not identified],$c[about 1800]
=300  \\$a1 plan :$bcolour ;$c38 x 16 cm
=336  \\$acartographic image$2rdacontent
=337  \\$aunmediated$2rdamedia
=338  \\$asheet$2rdacarrier
=500  \\$aPen and ink with wash on paper with additions in pencil.
=500  \\$aUnsigned and undated. Date and title from A catalogue of maps, plans and views of London, Westminster and Southwark collected and arranged by Frederick Crace, 1878.
=500  \\$aLabelled and coloured for reference with occupiers' names and dimensions reported.
=510  4\$aCrace, John Gregory, A catalogue of maps, plans and views of London, Westminster and Southwark collected and arranged by Frederick Crace (1878),$cnumber 45, page 119
=520  \\$aDrawn plan of the commercial premises, workshops, stable yards and coach houses in the Layton's buildings on Borough High Street, Southwark. Orientation points are marked on the margins of the sheet.
=650  \0$aReal property$zEngland$zLondon$vMaps.
=651  \0$aSouthwark (London, England)$vMaps$vEarly works to 1800.
=651  \0$aLondon (England)$vMaps$vEarly works to 1800.
=655  \7$aMaps.$2fast$0(OCoLC)fst01423704
=700  1\$aCrace, Frederick,$d1779-1859,$eformer owner.
=700  1\$aCrace, John Gregory,$d1809-1889,$edonor.
=852  41$aBritish Library$bMAPS$jMaps Crace Port. 16.45
=856  41$3Copy at Maps Crace Port. 16.45$uhttp://www.bl.uk/onlinegallery/onlineex/crace/other/007000000000016u00045000.html$yDigitised map
=985  \\$aUpgraded from BL georeferencer data 2022-11-17.
=985  \\$aRecord amended for WR1606-1727
=985  \\$aUpdated by MS generated file for WR2302-017
=CAT  \\$a12842$b40$c20130424$lBLL01$h1704
=CAT  \\$aWR13.117$c20130718$lBLL01$h1855
=CAT  \\$a12842$b40$c20131012$lBLL01$h1555
=CAT  \\$aW1606-1727$c20160825$lBLL01$h1742
=CAT  \\$a14185$b40$c20221201$lBLL01$h1822
=CAT  \\$a14185$b40$c20221204$lBLL01$h2017
=CAT  \\$aW2302-0174$c20230223$lBLL01$h2000
=FIN  \\$aY$d20130424
=FMT  \\$a  MP
=LAS  \\$aW2302-0174$b00$c20230223$lBLL01$h2000

