=LDR  02125cem a2200469 i 4500
=001  016326366
=003  Uk
=005  20230223161734.0
=007  aj\aanzn
=008  130425s1843\\\\enk||||||\a\\\\\0\\\eng|\
=034  0\$aa$dW0000537$eW0000530$fN0513006$gN0513004$2bound
=040  \\$aUk$beng$cUk$dUk$erda
=042  \\$aukblsr
=082  04$a912.42164$223
=245  00$aPLAN of the late MARSHALSEA PRISON in the Borough of SOUTHWARK. :$bFreehold for Sale by MESSRS. DRIVER.
=255  \\$aScale not given$c(W 0°05'37"--W 0°05'30"/N 51°30'06"--N 51°30'04").
=264  \1$a[London] :$bJ. Shuttleworth, lith. 3, Chapel Pl. Poultry,$c1843.
=300  \\$a1 map ;$c35 x 46 cm
=336  \\$acartographic image$2rdacontent
=337  \\$aunmediated$2rdamedia
=338  \\$asheet$2rdacarrier
=500  \\$aSupplies plan of the properties for sale on Borough High Street including the site of the Marshalsea prison (closed in 1842). Labelled for reference.
=510  4\$aCrace, John Gregory, A catalogue of maps, plans and views of London, Westminster and Southwark collected and arranged by Frederick Crace (1878),$cnumber 46, page 119
=650  \0$aPrisons$zEngland$zLondon$vMaps.
=651  \0$aSouthwark (London, England)$vMaps.
=651  \0$aLondon (England)$vMaps.
=655  \7$aMaps.$2fast$0(OCoLC)fst01423704
=700  1\$aCrace, Frederick,$d1779-1859,$eformer owner.
=700  1\$aCrace, John Gregory,$d1809-1889,$edonor.
=852  41$aBritish Library$bMAPS$jMaps Crace Port. 16.46
=856  41$3Copy at Maps Crace Port. 16.46$uhttp://www.bl.uk/onlinegallery/onlineex/crace/p/007000000000016u00046000.html$yDigitised map
=985  \\$aRecord amended for WR1606-1727
=985  \\$aUpdated by MS generated file for WR2302-017
=CAT  \\$a12842$b40$c20130425$lBLL01$h1155
=CAT  \\$aWR13.117$c20130718$lBLL01$h1855
=CAT  \\$a12842$b40$c20131012$lBLL01$h1555
=CAT  \\$aW1606-1727$c20160825$lBLL01$h1742
=CAT  \\$a12842$b40$c20160831$lBLL01$h1656
=CAT  \\$aW2302-0174$c20230223$lBLL01$h2000
=FIN  \\$aY$d20130425
=FMT  \\$a  MP
=LAS  \\$aW2302-0174$b00$c20230223$lBLL01$h2000

