=LDR  02875cem a2200529 i 4500
=001  016326419
=003  Uk
=005  20230223161734.0
=007  aj\aanzn
=008  130425s1768\\\\enk||||||\a\\\\\0\\\eng|\
=034  1\$aa$b5000$dW0015241$eW0015453$fN0513037$gN0512936$2bound
=040  \\$aUk$beng$cUk$dUk$erda
=042  \\$aukblsr
=082  04$a912.42164$223
=100  1\$aKitchin, Thomas,$d1718-1784,$eengraver.
=245  12$aA PLAN OF STREETS, ROADS, &C, BETWEEN BLACK FRYERS BRIDGE, LONDON BRIDGE, WESTMINSTER BRIDGE, LAMBETH, NEWINGTON BUTTS, & ST. MARGARETS HILL, :$bAS THEY NOW ARE TOGETHER WITH THE NEW INTENDED STREETS, ROADS, & COMMUNICATIONS, IN STRONG BLACK LINES. MDCCLXVIII. /$cThos. Kitchin Sculpsit.
=255  \\$aScale approximately 1:5 000$c(W 1°52'41"--W 1°54'53"/N 51°30'37"--N 51°29'36").
=264  \1$a[London] :$b[publisher not identified],$c1768.
=300  \\$a1 map ;$c34 x 49 cm
=336  \\$acartographic image$2rdacontent
=337  \\$aunmediated$2rdamedia
=338  \\$asheet$2rdacarrier
=500  \\$aShows the development in St George's Fields area; intended new roads indicated by black lines.
=510  4\$aCrace, John Gregory, A catalogue of maps, plans and views of London, Westminster and Southwark collected and arranged by Frederick Crace (1878),$cnumber 47, page 119
=520  \\$aThis is a plan of Saint George's Fields, between Lambeth and Southwark, with the title and scale bar in a table at bottom right and compass rose at bottom centre. The plan shows the proposals for Blackfriars Road and the southern approaches to Blackfriars Bridge as finally laid out during the period 1770-1800.
=650  \0$aCity planning$zEngland$zLondon$vMaps$vEarly works to 1800.
=651  \0$aSouthwark (London, England)$vMaps$vEarly works to 1800.
=651  \0$aLondon (England)$vMaps$vEarly works to 1800.
=655  \7$aEarly maps.$2fast$0(OCoLC)fst01752681
=700  1\$aCrace, Frederick,$d1779-1859,$eformer owner.
=700  1\$aCrace, John Gregory,$d1809-1889,$edonor.
=852  41$aBritish Library$bMAPS$jMaps Crace Port. 16.47
=856  41$3Copy at Maps Crace Port. 16.47$uhttp://www.bl.uk/onlinegallery/onlineex/crace/p/007000000000016u00047000.html$yDigitised map
=985  \\$aUpgraded from BL georeferencer data 2022-11-17.
=985  \\$aRecord amended for WR1606-1727
=985  \\$aUpdated by MS generated file for WR2302-017
=CAT  \\$a12842$b40$c20130425$lBLL01$h1320
=CAT  \\$a12842$b40$c20130425$lBLL01$h1455
=CAT  \\$aWR13.117$c20130718$lBLL01$h1855
=CAT  \\$a12842$b40$c20131012$lBLL01$h1557
=CAT  \\$aW1606-1727$c20160825$lBLL01$h1742
=CAT  \\$a14185$b40$c20221201$lBLL01$h1610
=CAT  \\$a14185$b40$c20221202$lBLL01$h1528
=CAT  \\$aW2302-0174$c20230223$lBLL01$h2000
=FIN  \\$aY$d20130425
=FMT  \\$a  MP
=LAS  \\$aW2302-0174$b00$c20230223$lBLL01$h2000

