=LDR  03263cem a2200565 i 4500
=001  016326453
=003  Uk
=005  20230223161734.0
=007  aj\aanzn
=008  130425q1768\\\\enk||||||\a\\\\\0\\\eng|\
=034  1\$aa$b7250$dW0015241$eW0015452$fN0513037$gN0512935$2bound
=040  \\$aUk$beng$cUk$dUk$erda
=042  \\$aukblsr
=082  04$a912.42164$223
=245  02$aA Plan of Streets, Roads, &c, Between Black Fryers Bridge, London Bridge, Westminster Bridge, Lambeth, Newington Butts, & St. Margarets Hill, as they now are. :$bTogether with the new Intended Streets, Roads & Communications, in strong Black Lines.
=255  \\$aScale approximately 1:7 250$c(W 1°52'41"--W 1°54'52"/N 51°30'37"--N 51°29'35").
=264  \1$a[London] :$b[Printed for R. Baldwin, at the Rose in Pater Noster Row],$c[1768]
=300  \\$a1 map ;$c23 x 34 cm
=336  \\$acartographic image$2rdacontent
=337  \\$aunmediated$2rdamedia
=338  \\$asheet$2rdacarrier
=500  \\$aUnsigned. Imprint from David C. Jolly, Maps in British periodicals. Part 1, Major monthlies.
=500  \\$aPublished in The London Magazine, July 1768, vol. 37.
=500  \\$aShows the development in St George's Fields area; intended new roads indicated by black lines.
=500  \\$aIncludes inset A View of the New Bridge at Black fryers.
=510  4\$aCrace, John Gregory, A catalogue of maps, plans and views of London, Westminster and Southwark collected and arranged by Frederick Crace (1878),$cnumber 48, page 119
=510  4\$aJolly, David C. Maps in British periodicals. Part 1, Major monthlies,$bbefore 1800,$cLOND-274, p. 133
=520  \\$aThe title of this plan of Saint George's Fields, Southwark, appears in a table at bottom right, with a compass star at bottom centre, scale bar at top right, and an inset view of Blackfriars Bridge along the right margin. The plan shows the proposals for Blackfriars Road and the southern approaches to Blackfriars Bridge as they were finally laid during the last quarter of the 18th century.
=650  \0$aCity planning$zEngland$zLondon$vMaps$vEarly works to 1800.
=651  \0$aSouthwark (London, England)$vMaps$vEarly works to 1800.
=651  \0$aLondon (England)$vMaps$vEarly works to 1800.
=655  \7$aEarly maps.$2fast$0(OCoLC)fst01752681
=700  1\$aCrace, Frederick,$d1779-1859,$eformer owner.
=700  1\$aCrace, John Gregory,$d1809-1889,$edonor.
=852  41$aBritish Library$bMAPS$jMaps Crace Port. 16.48
=856  41$3Copy at Maps Crace Port. 16.48$uhttp://www.bl.uk/onlinegallery/onlineex/crace/a/007000000000016u00048000.html$yDigitised map
=985  \\$aUpgraded from BL georeferencer data 2022-11-17.
=985  \\$aRecord amended for WR1606-1727
=985  \\$aUpdated by MS generated file for WR2302-017
=CAT  \\$a12842$b40$c20130425$lBLL01$h1425
=CAT  \\$a12842$b40$c20130425$lBLL01$h1445
=CAT  \\$a12842$b40$c20130425$lBLL01$h1503
=CAT  \\$aWR13.117$c20130718$lBLL01$h1855
=CAT  \\$aW1606-1727$c20160825$lBLL01$h1742
=CAT  \\$a14185$b40$c20221201$lBLL01$h1611
=CAT  \\$a14185$b40$c20221202$lBLL01$h1529
=CAT  \\$aW2302-0174$c20230223$lBLL01$h2000
=FIN  \\$aY$d20130425
=FMT  \\$a  MP
=LAS  \\$aW2302-0174$b00$c20230223$lBLL01$h2000

