=LDR  02238cem a2200493 i 4500
=001  016326484
=003  Uk
=005  20230223161734.0
=007  aj\canzn
=008  130425q1830\\\\enk||||||\a\\\\\0\\\eng|\
=034  0\$aa$dW0000627$eW0000609$fN0512959$gN0512952
=040  \\$aUk$beng$cUk$dUk$erda
=042  \\$aukblsr
=082  04$a912.42164$223
=245  00$aRULES of the KINGS BENCH PRISON.
=255  \\$aScale not given$c(W 0°06'27"--W 0°06'09"/N 51°29'59"--N 51°29'52").
=264  \1$aLondon :$bPrinted & Publish'd by W. BELCH Newington Butts,$c[about 1830]
=300  \\$a1 map :$bcolour ;$c10 x 15 cm
=336  \\$acartographic image$2rdacontent
=337  \\$aunmediated$2rdamedia
=338  \\$asheet$2rdacarrier
=500  \\$aDate from A catalogue of maps, plans and views of London, Westminster and Southwark collected and arranged by Frederick Crace, 1878.
=500  \\$aColoured for reference, boundaries indicated by pecked line and outlined in red. Top margin: W: BELCH'S corrected PLAN. Price 6d.
=510  4\$aCrace, John Gregory, A catalogue of maps, plans and views of London, Westminster and Southwark collected and arranged by Frederick Crace (1878),$cnumber 49, page 119
=650  \0$aPrisons$zEngland$zLondon$vMaps.
=651  \0$aSouthwark (London, England)$vMaps.
=651  \0$aLondon (England)$vMaps.
=655  \7$aMaps.$2fast$0(OCoLC)fst01423704
=700  1\$aCrace, Frederick,$d1779-1859,$eformer owner.
=700  1\$aCrace, John Gregory,$d1809-1889,$edonor.
=700  1\$aBelch, William,$epublisher.
=852  41$aBritish Library$bMAPS$jMaps Crace Port. 16.49
=856  41$3Copy at Maps Crace Port. 16.49$uhttp://www.bl.uk/onlinegallery/onlineex/crace/r/007000000000016u00049000.html$yDigitised map
=985  \\$aRecord amended for WR1606-1727
=985  \\$aUpdated by MS generated file for WR2302-017
=CAT  \\$a12842$b40$c20130425$lBLL01$h1543
=CAT  \\$a12842$b40$c20130425$lBLL01$h1547
=CAT  \\$aWR13.117$c20130718$lBLL01$h1855
=CAT  \\$a12842$b40$c20131012$lBLL01$h1558
=CAT  \\$aW1606-1727$c20160825$lBLL01$h1742
=CAT  \\$aW2302-0174$c20230223$lBLL01$h2000
=FIN  \\$aY$d20130425
=FMT  \\$a  MP
=LAS  \\$aW2302-0174$b00$c20230223$lBLL01$h2000

