=LDR  02725cem a2200505 i 4500
=001  016326502
=003  Uk
=005  20230223161735.0
=007  aj\aanzn
=008  130425q1760\\\\enk||||||\a\\\\\0\\\eng|\
=034  1\$aa$dW0015239$eW0015437$fN0513047$gN0512916$2bound
=040  \\$aUk$beng$cUk$dUk$erda
=042  \\$aukblsr
=082  04$a912.42164$223
=245  02$aA Map of the Surrey Side of the Thames from Westminster Bridge to the Borough. :$bWith a Plan for laying out the Roads, to BLACK FRYARS BRIDGE.
=255  \\$aScale not given$c(W 1°52'39"--W 1°54'37"/N 51°30'47"--N 51°29'16").
=264  \1$a[London] :$b[publisher not identified],$c[about 1760]
=300  \\$a1 map ;$c25 x 20 cm
=336  \\$acartographic image$2rdacontent
=337  \\$aunmediated$2rdamedia
=338  \\$asheet$2rdacarrier
=500  \\$aDate from A catalogue of maps, plans and views of London, Westminster and Southwark collected and arranged by Frederick Crace, 1878.
=500  \\$aShows the development in St George's Fields area; intended new roads indicated by pecked lines. Explanation note at bottom right.
=510  4\$aCrace, John Gregory, A catalogue of maps, plans and views of London, Westminster and Southwark collected and arranged by Frederick Crace (1878),$cnumber 50, page 119
=520  \\$aThe title of this map of St. George's Fields, Southwark, appears below the plan with key at bottom right. Alternative plans for laying out Blackfriars Road are indicated by double-dotted and pricked lines. The mile-long road was finally finished in the last quarter of the 18th century.
=650  \0$aCity planning$zEngland$zLondon$vMaps$vEarly works to 1800.
=651  \0$aSouthwark (London, England)$vMaps$vEarly works to 1800.
=651  \0$aLondon (England)$vMaps$vEarly works to 1800.
=655  \7$aEarly maps.$2fast$0(OCoLC)fst01752681
=700  1\$aCrace, Frederick,$d1779-1859,$eformer owner.
=700  1\$aCrace, John Gregory,$d1809-1889,$edonor.
=852  41$aBritish Library$bMAPS$jMaps Crace Port. 16.50
=856  41$3Copy at Maps Crace Port. 16.50$uhttp://www.bl.uk/onlinegallery/onlineex/crace/a/007000000000016u00050000.html$yDigitised map
=985  \\$aUpgraded from BL georeferencer data 2022-11-17.
=985  \\$aRecord amended for WR1606-1727
=985  \\$aUpdated by MS generated file for WR2302-017
=CAT  \\$a12842$b40$c20130425$lBLL01$h1616
=CAT  \\$aWR13.117$c20130718$lBLL01$h1855
=CAT  \\$aW1606-1727$c20160825$lBLL01$h1742
=CAT  \\$a14185$b40$c20221201$lBLL01$h1611
=CAT  \\$a14185$b40$c20221202$lBLL01$h1530
=CAT  \\$aW2302-0174$c20230223$lBLL01$h2000
=FIN  \\$aY$d20130425
=FMT  \\$a  MP
=LAS  \\$aW2302-0174$b00$c20230223$lBLL01$h2000

