=LDR  02155cem a2200457 i 4500
=001  016326508
=003  Uk
=005  20230223161735.0
=007  aj\aanzn
=008  130425q1760\\\\enk||||||\a\\\\\0\\\eng|\
=034  0\$aa$dW0000743$eW0000422$fN0513034$gN0512910
=040  \\$aUk$beng$cUk$dUk$erda
=042  \\$aukblsr
=082  04$a912.42164$223
=245  02$aA MAP of the NEW ROADS &C. from WESTMINSTER BRIDGE.
=255  \\$aScale not given$c(W 0°07'43"--W 0°04'22"/N 51°30'34"--N 51°29'10").
=264  \1$a[London] :$b[publisher not identified],$c[about 1760]
=300  \\$a1 map ;$c22 x 36 cm
=336  \\$acartographic image$2rdacontent
=337  \\$aunmediated$2rdamedia
=338  \\$asheet$2rdacarrier
=500  \\$aDate from A catalogue of maps, plans and views of London, Westminster and Southwark collected and arranged by Frederick Crace, 1878.
=500  \\$aShows the development in St George's Fields area; intended roads indicated by pecked lines. Oriented with south at the top.
=510  4\$aCrace, John Gregory, A catalogue of maps, plans and views of London, Westminster and Southwark collected and arranged by Frederick Crace (1878),$cnumber 51, page 119
=650  \0$aCity planning$zEngland$zLondon$vMaps$vEarly works to 1800.
=651  \0$aSouthwark (London, England)$vMaps$vEarly works to 1800.
=651  \0$aLondon (England)$vMaps$vEarly works to 1800.
=655  \7$aEarly maps.$2fast$0(OCoLC)fst01752681
=700  1\$aCrace, Frederick,$d1779-1859,$eformer owner.
=700  1\$aCrace, John Gregory,$d1809-1889,$edonor.
=852  41$aBritish Library$bMAPS$jMaps Crace Port. 16.51
=856  41$3Copy at Maps Crace Port. 16.51$uhttp://www.bl.uk/onlinegallery/onlineex/crace/a/007000000000016u00051000.html$yDigitised map
=985  \\$aRecord amended for WR1606-1727
=985  \\$aUpdated by MS generated file for WR2302-017
=CAT  \\$a12842$b40$c20130425$lBLL01$h1637
=CAT  \\$aWR13.117$c20130718$lBLL01$h1855
=CAT  \\$aW1606-1727$c20160825$lBLL01$h1742
=CAT  \\$aW2302-0174$c20230223$lBLL01$h2000
=FIN  \\$aY$d20130425
=FMT  \\$a  MP
=LAS  \\$aW2302-0174$b00$c20230223$lBLL01$h2000

