=LDR  02263cem a2200469 i 4500
=001  016326512
=003  Uk
=005  20230223161735.0
=007  aj\aanzn
=008  130425s1822\\\\enk||||||\a\\\\\0\\\eng|\
=034  1\$aa$b2900$dW0000646$eW0000600$fN0513034$gN0513019
=040  \\$aUk$beng$cUk$dUk$erda
=042  \\$aukblsr
=082  04$a912.42164$223
=245  00$aPART of the PARISH of CHRIST CHURCH, SURREY Antiently the Manor of PARIS GARDEN. :$bWith the Site of HOLLANDS LEAGUER In the Year 1746.
=255  \\$aScale approximately 1:2 900$c(W 0°06'46"--W 0°06'00"/N 51°30'34"--N 51°30'19").
=264  \1$aLondon :$bPublished by Robert Wilkinson, No. 125, Fenchurch Street,$cDecember 1.st 1822.
=300  \\$a1 map ;$c12 x 22 cm
=336  \\$acartographic image$2rdacontent
=337  \\$aunmediated$2rdamedia
=338  \\$asheet$2rdacarrier
=500  \\$aUpper portion of plate a view of the manor of Paris Garden: HOLLAND'S LEAGUER, OR MANOR HOUSE OF PARIS GARDEN.
=500  \\$aNumbered for reference with an index at top right. Great Surrey Street (from 1829 known as Blackfriars Road) shown by pecked line.
=510  4\$aCrace, John Gregory, A catalogue of maps, plans and views of London, Westminster and Southwark collected and arranged by Frederick Crace (1878),$cnumber 52, page 120
=651  \0$aSouthwark (London, England)$vMaps.
=651  \0$aLondon (England)$vMaps.
=655  \7$aMaps.$2fast$0(OCoLC)fst01423704
=700  1\$aCrace, Frederick,$d1779-1859,$eformer owner.
=700  1\$aCrace, John Gregory,$d1809-1889,$edonor.
=700  1\$aWilkinson, Robert,$d1752?-1825,$epublisher.
=852  41$aBritish Library$bMAPS$jMaps Crace Port. 16.52
=856  41$3Copy at Maps Crace Port. 16.52$uhttp://www.bl.uk/onlinegallery/onlineex/crace/p/007000000000016u00052000.html$yDigitised map
=985  \\$aRecord amended for WR1606-1727
=985  \\$aUpdated by MS generated file for WR2302-017
=CAT  \\$a12842$b40$c20130425$lBLL01$h1709
=CAT  \\$aWR13.117$c20130718$lBLL01$h1855
=CAT  \\$a12842$b40$c20131012$lBLL01$h1600
=CAT  \\$aW1606-1727$c20160825$lBLL01$h1742
=CAT  \\$aW2302-0174$c20230223$lBLL01$h2000
=FIN  \\$aY$d20130425
=FMT  \\$a  MP
=LAS  \\$aW2302-0174$b00$c20230223$lBLL01$h2000

