=LDR  02278cem a2200493 i 4500
=001  016326670
=003  Uk
=005  20230223161735.0
=007  aj\aanzn
=008  130426q1815\\\\enk||||||\a\\\\\0\\\eng|\
=034  0\$aa$dW0000735$eW0000149$fN0513043$gN0512908
=040  \\$aUk$beng$cUk$dUk$erda
=042  \\$aukblsr
=082  04$a912.42164$223
=100  1\$aBasire, James,$d1769-1822,$eengraver.
=245  12$aA Plan of the PRINCES MEADOW in its present state and Design for Letting it for 93 1/2 Years, From 10th. Octo.r 1815 to Build on /$cJs. Basire sculp.
=255  \\$aScales differ$c(W 0°07'35"--W 0°01'49"/N 51°30'43"--N 51°29'08").
=264  \1$a[London] :$b[publisher not identified],$c[about 1815]
=300  \\$a2 maps on 1 sheet ;$c21 x 22 cm or smaller
=336  \\$acartographic image$2rdacontent
=337  \\$aunmediated$2rdamedia
=338  \\$asheet$2rdacarrier
=500  \\$aShows the South Bank area including watercourses and proposed new road. Oriented with south at the top.
=500  \\$aBottom portion of plate: Tract of the supposed Roman Road with its Forts.
=510  4\$aCrace, John Gregory, A catalogue of maps, plans and views of London, Westminster and Southwark collected and arranged by Frederick Crace (1878),$cnumber 53, page 120
=650  \0$aReal property$zEngland$zLondon$vMaps.
=651  \0$aSouthwark (London, England)$vMaps.
=651  \0$aLambeth (London, England)$vMaps.
=651  \0$aLondon (England)$vMaps.
=655  \7$aMaps.$2fast$0(OCoLC)fst01423704
=700  1\$aCrace, Frederick,$d1779-1859,$eformer owner.
=700  1\$aCrace, John Gregory,$d1809-1889,$edonor.
=852  41$aBritish Library$bMAPS$jMaps Crace Port. 16.53
=856  41$3Copy at Maps Crace Port. 16.53$uhttp://www.bl.uk/onlinegallery/onlineex/crace/a/007000000000016u00053000.html$yDigitised map
=985  \\$aRecord amended for WR1606-1727
=985  \\$aUpdated by MS generated file for WR2302-017
=CAT  \\$a12842$b40$c20130426$lBLL01$h1323
=CAT  \\$aWR13.117$c20130718$lBLL01$h1855
=CAT  \\$a12842$b40$c20131012$lBLL01$h1601
=CAT  \\$aW1606-1727$c20160825$lBLL01$h1742
=CAT  \\$aW2302-0174$c20230223$lBLL01$h2000
=FIN  \\$aY$d20130426
=FMT  \\$a  MP
=LAS  \\$aW2302-0174$b00$c20230223$lBLL01$h2000

