=LDR  02634cem a2200505 i 4500
=001  016326728
=003  Uk
=005  20230223161735.0
=007  aj\aanzn
=008  130426q1765\\\\enk||||||\a\\\\\0\\\eng|\
=034  1\$aa$dW0015317$eW0015401$fN0513039$gN0512947$2bound
=040  \\$aUk$beng$cUk$dUk$erda
=042  \\$aukblsr
=082  04$a912.42164$223
=245  02$aA PLAN of the Parish of Christ Church shewing the present Sewers surrounding the same.
=255  \\$aScale not given$c(W 1°53'17"--W 1°54'01"/N 51°30'39"--N 51°29'47").
=264  \1$a[London] :$b[publisher not identified],$c[about 1765]
=300  \\$a1 map ;$c30 x 19 cm
=336  \\$acartographic image$2rdacontent
=337  \\$aunmediated$2rdamedia
=338  \\$asheet$2rdacarrier
=500  \\$aUnsigned and undated. Date from A catalogue of maps, plans and views of London, Westminster and Southwark collected and arranged by Frederick Crace, 1878.
=500  \\$aIncludes Longitudinal Section from Pudding Mill Stream to the bottom of the Sewer South of Nelson Square.
=510  4\$aCrace, John Gregory, A catalogue of maps, plans and views of London, Westminster and Southwark collected and arranged by Frederick Crace (1878),$cnumber 54, page 120
=520  \\$aThis plan shows the existing sewage system and the proposals for a new sewage canal through Great Charlotte Street. A level section of the River Thames appears along the right margin, next to sewers in diagram. The title of the plan appears at the top margin.
=650  \0$aSewerage$zEngland$zLondon$vMaps$vEarly works to 1800.
=651  \0$aSouthwark (London, England)$vMaps$vEarly works to 1800.
=651  \0$aLondon (England)$vMaps$vEarly works to 1800.
=655  \7$aEarly maps.$2fast$0(OCoLC)fst01752681
=700  1\$aCrace, Frederick,$d1779-1859,$eformer owner.
=700  1\$aCrace, John Gregory,$d1809-1889,$edonor.
=852  41$aBritish Library$bMAPS$jMaps Crace Port. 16.54
=856  41$3Copy at Maps Crace Port. 16.54$uhttp://www.bl.uk/onlinegallery/onlineex/crace/a/007000000000016u00054000.html$yDigitised map
=985  \\$aUpgraded from BL georeferencer data 2022-11-17.
=985  \\$aRecord amended for WR1606-1727
=985  \\$aUpdated by MS generated file for WR2302-017
=CAT  \\$a12842$b40$c20130426$lBLL01$h1428
=CAT  \\$aWR13.117$c20130718$lBLL01$h1855
=CAT  \\$aW1606-1727$c20160825$lBLL01$h1742
=CAT  \\$a14185$b40$c20221201$lBLL01$h1612
=CAT  \\$a14185$b40$c20221202$lBLL01$h1531
=CAT  \\$aW2302-0174$c20230223$lBLL01$h2000
=FIN  \\$aY$d20130426
=FMT  \\$a  MP
=LAS  \\$aW2302-0174$b00$c20230223$lBLL01$h2000

