=LDR  02593cem a2200541 i 4500
=001  016326740
=003  Uk
=005  20230223161735.0
=007  aj\aanzn
=008  130426s1821\\\\enk||||||\a\\\\\0\\\eng|\
=034  1\$aa$dW0015322$eW0015401$fN0513033$gN0513006$2bound
=040  \\$aUk$beng$cUk$dUk$erda
=042  \\$aukblsr
=082  04$a912.42164$223
=100  1\$aGardner, H.,$dactive 1811-1836,$esurveyor.
=245  10$aPARISH OF CHRIST CHURCH, SURREY. /$cSurveyed by H. Gardner, Blackfriars.
=255  \\$aScale not given$c(W 1°53'22"--W 1°54'01"/N 51°30'33"--N 51°30'06").
=264  \1$aLondon :$bPublished by Robt. Wilkinson. No. 125 Fenchurch Street,$c7th Augt. 1821.
=300  \\$a1 map ;$c31 x 25 cm
=336  \\$acartographic image$2rdacontent
=337  \\$aunmediated$2rdamedia
=338  \\$asheet$2rdacarrier
=500  \\$aIncludes a view of Christ Church at bottom left.
=510  4\$aCrace, John Gregory, A catalogue of maps, plans and views of London, Westminster and Southwark collected and arranged by Frederick Crace (1878),$cnumber 55, page 120
=520  \\$aThe title of this parish plan appears at middle left, with scale bar and compass star above the title, and an inset view of the parish church at bottom left. Christ Church was built in 1737 on the site of a church built in 1670 which was demolished after sinking in the Lambeth Marsh.
=650  \0$aParishes$zEngland$zLondon$vMaps.
=651  \0$aSouthwark (London, England)$vMaps.
=651  \0$aLondon (England)$vMaps.
=655  \7$aMaps.$2fast$0(OCoLC)fst01423704
=700  1\$aCrace, Frederick,$d1779-1859,$eformer owner.
=700  1\$aCrace, John Gregory,$d1809-1889,$edonor.
=700  1\$aWilkinson, Robert,$d1752?-1825,$epublisher.
=852  41$aBritish Library$bMAPS$jMaps Crace Port. 16.55
=856  41$3Copy at Maps Crace Port. 16.55$uhttp://www.bl.uk/onlinegallery/onlineex/crace/p/007000000000016u00055000.html$yDigitised map
=985  \\$aUpgraded from BL georeferencer data 2022-11-17.
=985  \\$aRecord amended for WR1606-1727
=985  \\$aUpdated by MS generated file for WR2302-017
=CAT  \\$a12842$b40$c20130426$lBLL01$h1445
=CAT  \\$aWR13.117$c20130718$lBLL01$h1855
=CAT  \\$a5100$b40$c20130919$lBLL01$h1004
=CAT  \\$a12842$b40$c20131012$lBLL01$h1602
=CAT  \\$aW1606-1727$c20160825$lBLL01$h1742
=CAT  \\$a14185$b40$c20221201$lBLL01$h1612
=CAT  \\$a14185$b40$c20221202$lBLL01$h1531
=CAT  \\$aW2302-0174$c20230223$lBLL01$h2000
=FIN  \\$aY$d20130426
=FMT  \\$a  MP
=LAS  \\$aW2302-0174$b00$c20230223$lBLL01$h2000

