=LDR  02437cfm a2200517 i 4500
=001  016326778
=003  Uk
=005  20230223161735.0
=007  aj\canzn
=008  130426q1811\\\\enk||||||\a\\\\\0\\\eng|\
=034  1\$aa$dW0015342$eW0015352$fN0513031$gN0513026$2bound
=040  \\$aUk$beng$cUk$dUk$erda
=042  \\$aukblsr
=082  04$a912.42164$223
=245  03$a[A plan of Albion Place, Blackfriars Road].
=255  \\$aScale not given$c(W 1°53'42"--W 1°53'52"/N 51°30'31"--N 51°30'26").
=264  \0$c[1811?]
=300  \\$a1 map :$bcolour ;$c13 x 23 cm
=336  \\$acartographic image$2rdacontent
=337  \\$aunmediated$2rdamedia
=338  \\$asheet$2rdacarrier
=500  \\$aPen and ink with wash on paper.
=500  \\$aDate and title from A catalogue of maps, plans and views of London, Westminster and Southwark collected and arranged by Frederick Crace, 1878.
=510  4\$aCrace, John Gregory, A catalogue of maps, plans and views of London, Westminster and Southwark collected and arranged by Frederick Crace (1878),$cnumber 57, page 120
=520  \\$aThis drawn plan was produced for publication in Robert Wilkinson's 'Londoniana'. The plan features compass star at top right, showing the proposed southern approach to Blackfriars Bridge and the yards, wharves and workshops east of the bridge.
=651  \0$aSouthwark (London, England)$vMaps.
=651  \0$aLondon (England)$vMaps.
=655  \7$aMaps.$2fast$0(OCoLC)fst01423704
=700  1\$aCrace, Frederick,$d1779-1859,$eformer owner.
=700  1\$aCrace, John Gregory,$d1809-1889,$edonor.
=852  41$aBritish Library$bMAPS$jMaps Crace Port. 16.57
=856  41$3Copy at Maps Crace Port. 16.57$uhttp://www.bl.uk/onlinegallery/onlineex/crace/other/007000000000016u00057000.html$yDigitised map
=985  \\$aUpgraded from BL georeferencer data 2022-11-17.
=985  \\$aRecord amended for WR1606-1727
=985  \\$aUpdated by MS generated file for WR2302-017
=CAT  \\$a12842$b40$c20130426$lBLL01$h1551
=CAT  \\$a12842$b40$c20130426$lBLL01$h1607
=CAT  \\$aWR13.117$c20130718$lBLL01$h1855
=CAT  \\$a12842$b40$c20131012$lBLL01$h1603
=CAT  \\$aW1606-1727$c20160825$lBLL01$h1742
=CAT  \\$a14185$b40$c20221201$lBLL01$h1822
=CAT  \\$a14185$b40$c20221204$lBLL01$h2018
=CAT  \\$aW2302-0174$c20230223$lBLL01$h2000
=FIN  \\$aY$d20130426
=FMT  \\$a  MP
=LAS  \\$aW2302-0174$b00$c20230223$lBLL01$h2000

