=LDR  02598cfm a2200517 i 4500
=001  016326791
=003  Uk
=005  20230223161735.0
=007  aj\canzn
=008  130426q1800\\\\xx\||||||\a\\\\\0\\\eng|\
=034  1\$aa$dW0015338$eW0015343$fN0513024$gN0513019$2bound
=040  \\$aUk$beng$cUk$dUk$erda
=042  \\$aukblsr
=082  04$a912.42164$223
=245  00$a[Plan of a new street near Christ Church, and addition to Church Yard].
=255  \\$aScale not given$c(W 1°53'38"--W 1°53'43"/N 51°30'24"--N 51°30'19").
=264  \0$a[Place of production not identified] :$b[producer not identified],$c[1800?]
=300  \\$a1 map :$bcolour ;$c20 x 26 cm
=336  \\$acartographic image$2rdacontent
=337  \\$aunmediated$2rdamedia
=338  \\$asheet$2rdacarrier
=500  \\$aPen and ink with wash on paper.
=500  \\$aDate and title from A catalogue of maps, plans and views of London, Westminster and Southwark collected and arranged by Frederick Crace, 1878.
=500  \\$aShows the proposed street on the west side of Blackfriars Road. Coloured and labelled for reference.
=510  4\$aCrace, John Gregory, A catalogue of maps, plans and views of London, Westminster and Southwark collected and arranged by Frederick Crace (1878),$cnumber 58, page 120
=520  \\$aThe plan features scale bar along the bottom. It also shows the ground plot of Christ Church in grey, Blackfriars Road and the proposed new street in brown, the extension to the church yard in green, and the neighbouring properties in pink.
=651  \0$aSouthwark (London, England)$vMaps.
=651  \0$aLondon (England)$vMaps.
=655  \7$aMaps.$2fast$0(OCoLC)fst01423704
=700  1\$aCrace, Frederick,$d1779-1859,$eformer owner.
=700  1\$aCrace, John Gregory,$d1809-1889,$edonor.
=852  41$aBritish Library$bMAPS$jMaps Crace Port. 16.58
=856  41$3Copy at Maps Crace Port. 16.58$uhttp://www.bl.uk/onlinegallery/onlineex/crace/other/007000000000016u00058000.html$yDigitised map
=985  \\$aUpgraded from BL georeferencer data 2022-11-17.
=985  \\$aRecord amended for WR1606-1727
=985  \\$aUpdated by MS generated file for WR2302-017
=CAT  \\$a12842$b40$c20130426$lBLL01$h1628
=CAT  \\$aWR13.117$c20130718$lBLL01$h1855
=CAT  \\$a12842$b40$c20131012$lBLL01$h1604
=CAT  \\$aW1606-1727$c20160825$lBLL01$h1742
=CAT  \\$a14185$b40$c20221201$lBLL01$h2110
=CAT  \\$a14185$b40$c20221204$lBLL01$h2019
=CAT  \\$aW2302-0174$c20230223$lBLL01$h2000
=FIN  \\$aY$d20130426
=FMT  \\$a  MP
=LAS  \\$aW2302-0174$b00$c20230223$lBLL01$h2000

