=LDR  02169cem a2200469 i 4500
=001  016326795
=003  Uk
=005  20230223161735.0
=007  aj\canzn
=008  130426s1794\\\\enk||||||\a\\\\\1\\\eng|\
=034  0\$aa$dW0000617$eW0000610$fN0512952$gN0512948
=040  \\$aUk$beng$cUk$dUk$erda
=042  \\$aukblsr
=082  04$a912.42164$223
=100  1\$aSkelton, William,$d1763-1848,$eengraver.
=245  10$aPLAN of the PHILANTHROPIC REFORM St. Georges Fields /$cW. Skelton sculp.
=255  \\$aScale not given$c(W 0°06'17"--W 0°06'10"/N 51°29'52"--N 51°29'48").
=264  \1$a[London] :$bPrinted at the Philanthropic Reform, St. George's Fields,$c1794.
=300  \\$a1 plan :$bcolour ;$c34 x 28 cm
=336  \\$acartographic image$2rdacontent
=337  \\$aunmediated$2rdamedia
=338  \\$asheet$2rdacarrier
=500  \\$aBuildings shown in elevation; premises lettered for reference with a key and an explanation notes below plan.
=510  4\$aCrace, John Gregory, A catalogue of maps, plans and views of London, Westminster and Southwark collected and arranged by Frederick Crace (1878),$cnumber 60, page 121
=650  \0$aCharities$zEngland$zLondon$vMaps$vEarly works to 1800.
=651  \0$aSouthwark (London, England)$vMaps$vEarly works to 1800.
=651  \0$aLondon (England)$vMaps$vEarly works to 1800.
=655  \7$aEarly maps.$2fast$0(OCoLC)fst01752681
=700  1\$aCrace, Frederick,$d1779-1859,$eformer owner.
=700  1\$aCrace, John Gregory,$d1809-1889,$edonor.
=710  2\$aPhilanthropic Society (London, England),$epublisher.
=852  41$aBritish Library$bMAPS$jMaps Crace Port. 16.60
=856  41$3Copy at Maps Crace Port. 16.60$uhttp://www.bl.uk/onlinegallery/onlineex/crace/p/007000000000016u00060000.html$yDigitised map
=985  \\$aRecord amended for WR1606-1727
=985  \\$aUpdated by MS generated file for WR2302-017
=CAT  \\$a12842$b40$c20130426$lBLL01$h1705
=CAT  \\$aWR13.117$c20130718$lBLL01$h1855
=CAT  \\$aW1606-1727$c20160825$lBLL01$h1742
=CAT  \\$aW2302-0174$c20230223$lBLL01$h2000
=FIN  \\$aY$d20130426
=FMT  \\$a  MP
=LAS  \\$aW2302-0174$b00$c20230223$lBLL01$h2000

