=LDR  02575cem a2200553 i 4500
=001  016326796
=003  Uk
=005  20230223161735.0
=007  aj\aanzn
=008  130426s1815\\\\enk||||||\a\\\\\0\\\eng|\
=034  0\$aa$dW0000638$eW0000622$fN0512949$gN0512943
=040  \\$aUk$beng$cUk$dUk$erda
=042  \\$aukblsr
=082  04$a912.42165$223
=100  1\$aBasire, James,$d1769-1822,$eengraver.
=245  10$aGround Plan of the NEW BETHLEM HOSPITAL /$cJs. Basire sculp.
=255  \\$aScale not given$c(W 0°06'38"--W 0°06'22"/N 51°29'49"--N 51°29'43").
=264  \1$a[London] :$bLuke Hansard & Sons Printers,$c1815.
=300  \\$a1 plan ;$c29 x 44 cm
=336  \\$acartographic image$2rdacontent
=337  \\$aunmediated$2rdamedia
=338  \\$asheet$2rdacarrier
=500  \\$aSupplies plan of the Bethlem Hospital in Lambeth, now the Imperial War Museum. Labelled for reference with dimensions given.
=500  \\$aBelow plan: 296. Ordered by the HOUSE OF COMMONS to be Printed 21st June 1815. Top margin: COMMITTEE ON THE STATE OF MADHOUSES. PLATE VIII.
=510  4\$aCrace, John Gregory, A catalogue of maps, plans and views of London, Westminster and Southwark collected and arranged by Frederick Crace (1878),$cnumber 61, page 121
=610  20$aImperial War Museum (Great Britain)
=610  20$aBethlem Royal Hospital (London, England)
=650  \0$aPsychiatric hospitals$zEngland$zLondon$xPlanning$vMaps.
=650  \0$aArchitecture$zEngland$zLondon$vDesigns and plans.
=650  \0$aPublic buildings$zEngland$zLondon$vDesigns and plans.
=651  \0$aLambeth (London, England)$vMaps.
=651  \0$aLondon (England)$vMaps.
=655  \7$aMaps.$2fast$0(OCoLC)fst01423704
=700  1\$aCrace, Frederick,$d1779-1859,$eformer owner.
=700  1\$aCrace, John Gregory,$d1809-1889,$edonor.
=710  2\$aLuke Hansard and Sons,$eprinter.
=710  1\$aGreat Britain.$bParliament.$bHouse of Commons.
=852  41$aBritish Library$bMAPS$jMaps Crace Port. 16.61
=856  41$3Copy at Maps Crace Port. 16.61$uhttp://www.bl.uk/onlinegallery/onlineex/crace/g/007000000000016u00061000.html$yDigitised map
=985  \\$aRecord amended for WR1606-1727
=985  \\$aUpdated by MS generated file for WR2302-017
=CAT  \\$a12842$b40$c20130426$lBLL01$h1741
=CAT  \\$aWR13.117$c20130718$lBLL01$h1855
=CAT  \\$a12842$b40$c20131012$lBLL01$h1606
=CAT  \\$aW1606-1727$c20160825$lBLL01$h1742
=CAT  \\$aW2302-0174$c20230223$lBLL01$h2000
=FIN  \\$aY$d20130426
=FMT  \\$a  MP
=LAS  \\$aW2302-0174$b00$c20230223$lBLL01$h2000

