=LDR  03346cem a2200577 i 4500
=001  016334776
=003  Uk
=005  20230223161736.0
=007  aj\aanzn
=008  130507q1834\\\\enk||||||\a\\\\\0\\\eng|\
=034  1\$aa$dW0015322$eW0015335$fN0512950$gN0512943$2bound
=040  \\$aUk$beng$cUk$dUk$erda
=042  \\$aukblsr
=082  04$a912.42165$223
=100  1\$aSmirke, Sydney,$d1798-1877,$earchitect.
=245  10$aGENERAL PLAN OF BETHLEM HOSPITAL, :$bShewing the Improvements now in progress /$cSIDNEY SMIRKE ARCHT.
=255  \\$aScale not given$c(W 1°53'22"--W 1°53'35"/N 51°29'50"--N 51°29'43").
=264  \1$a[London] :$bDay & Haghe, Lithogrs, to the Queen, 17, Gate St.,$c[1834]
=300  \\$a1 map ;$c41 x 49 cm
=336  \\$acartographic image$2rdacontent
=337  \\$aunmediated$2rdamedia
=338  \\$asheet$2rdacarrier
=500  \\$aDate from A catalogue of maps, plans and views of London, Westminster and Southwark collected and arranged by Frederick Crace, 1878.
=500  \\$aSupplies plan of the Bethlem Hospital in Lambeth, now the Imperial War Museum. New buildings, designed by the architect Sydney Smirke, were added from the 1830s. Labelled for reference with explanation below title.
=510  4\$aCrace, John Gregory, A catalogue of maps, plans and views of London, Westminster and Southwark collected and arranged by Frederick Crace (1878),$cnumber 62, page 121
=520  \\$aPlan of Bethlem Hospital, Lambeth, with title at bottom right and scale bar at bottom centre. The plan shows Smirke's design for a new block at the rear of the building and the dome and portico to the central block. Founded outside Bishopsgate in 1247 by the Sheriff Simon Fitz Mary as the Priory of St. Mary Bethlem, the institution was moved from Moorfields to Lambeth in 1800 after the hospital's surveyor, James Lewis, reported the original site unsafe. Designed to accommodate 200 patients with psychiatric instabilities, the new building was completed in 1815.
=610  20$aImperial War Museum (Great Britain)
=610  20$aBethlem Royal Hospital (London, England)
=650  \0$aPsychiatric hospitals$zEngland$zLondon$xPlanning$vMaps.
=650  \0$aPublic buildings$zEngland$zLondon$vDesigns and plans$vMaps.
=651  \0$aLambeth (London, England)$vMaps.
=651  \0$aLondon (England)$vMaps.
=655  \7$aMaps.$2fast$0(OCoLC)fst01423704
=700  1\$aCrace, Frederick,$d1779-1859,$eformer owner.
=700  1\$aCrace, John Gregory,$d1809-1889,$edonor.
=710  2\$aDay & Haghe,$elithographer.
=852  41$aBritish Library$bMAPS$jMaps Crace Port. 16.62
=856  41$3Copy at Maps Crace Port. 16.62$uhttp://www.bl.uk/onlinegallery/onlineex/crace/g/007000000000016u00062000.html$yDigitised map
=985  \\$aUpgraded from BL georeferencer data 2022-11-17.
=985  \\$aRecord amended for WR1606-1727
=985  \\$aUpdated by MS generated file for WR2302-017
=CAT  \\$a12842$b40$c20130507$lBLL01$h1215
=CAT  \\$aWR13.117$c20130718$lBLL01$h1855
=CAT  \\$a12842$b40$c20131012$lBLL01$h1607
=CAT  \\$aW1606-1727$c20160825$lBLL01$h1742
=CAT  \\$a14185$b40$c20221201$lBLL01$h1612
=CAT  \\$a14185$b40$c20221202$lBLL01$h1532
=CAT  \\$aW2302-0174$c20230223$lBLL01$h2000
=FIN  \\$aY$d20130507
=FMT  \\$a  MP
=LAS  \\$aW2302-0174$b00$c20230223$lBLL01$h2000

