=LDR  02927cem a2200577 i 4500
=001  016335027
=003  Uk
=005  20230223161736.0
=007  aj\aanzn
=008  130507s1841\\\\enk||||||\a\\\\\0\\\eng|\
=034  1\$aa$dW0015229$eW0015255$fN0512921$gN0512907$2bound
=040  \\$aUk$beng$cUk$dUk$erda
=042  \\$aukblsr
=082  04$a912.42165$223
=100  1\$aGrieve, John,$d1807-1885,$ezincographer.
=245  14$aTHE ROYAL GARDENS VAUXHALL :$bFOR SALE BY Mr Leifchild, 1841.
=255  \\$aScale not given$c(W 1°52'29"--W 1°52'55"/N 51°29'21"--N 51°29'07").
=264  \1$aLondon :$bJohn Grieve, Zincographer, 33, Nicholas Lane,$c1841.
=300  \\$a1 map ;$c54 x 42 cm
=336  \\$acartographic image$2rdacontent
=337  \\$aunmediated$2rdamedia
=338  \\$asheet$2rdacarrier
=500  \\$aSupplies plan of Vauxhall Gardens - a pleasure garden for public entertainment in London, from the mid 17th century to the mid 19th century.
=510  4\$aCrace, John Gregory, A catalogue of maps, plans and views of London, Westminster and Southwark collected and arranged by Frederick Crace (1878),$cnumber 66, page 121
=520  \\$aThis plan was produced for the sale of the Royal Gardens in 1842. The title and compass star feature at top centre. Opened in 1660, the Vauxhall Royal Gardens (or Spring Gardens as they were called until 1785) were for years a popular venue for exhibitions, concerts of popular music and firework displays. When the owners went bankrupt in 1840, the gardens were closed, the site sold and the furniture auctioned.
=651  \0$aVauxhall Gardens (London, England)$xMaps.
=651  \0$aVauxhall (London, England)$vMaps.
=651  \0$aKennington (London, England)$vMaps.
=651  \0$aLambeth (London, England)$vMaps.
=651  \0$aLondon (England)$vMaps.
=655  \7$aMaps.$2fast$0(OCoLC)fst01423704
=700  1\$aCrace, Frederick,$d1779-1859,$eformer owner.
=700  1\$aCrace, John Gregory,$d1809-1889,$edonor.
=852  41$aBritish Library$bMAPS$jMaps Crace Port. 16.66
=856  41$3Copy at Maps Crace Port. 16.66$uhttp://www.bl.uk/onlinegallery/onlineex/crace/t/007000000000016u00066000.html$yDigitised map
=985  \\$aUpgraded from BL georeferencer data 2022-11-17.
=985  \\$aRecord amended for WR1606-1727
=985  \\$aUpdated by MS generated file for WR2302-017
=CAT  \\$a12842$b40$c20130507$lBLL01$h1711
=CAT  \\$a12842$b40$c20130507$lBLL01$h1714
=CAT  \\$aWR13.117$c20130718$lBLL01$h1855
=CAT  \\$a5100$b40$c20130926$lBLL01$h0846
=CAT  \\$a5100$b40$c20130926$lBLL01$h0925
=CAT  \\$a12842$b40$c20131012$lBLL01$h1611
=CAT  \\$aW1606-1727$c20160825$lBLL01$h1742
=CAT  \\$a14185$b40$c20221201$lBLL01$h1613
=CAT  \\$a14185$b40$c20221202$lBLL01$h1533
=CAT  \\$aW2302-0174$c20230223$lBLL01$h2000
=FIN  \\$aY$d20130507
=FMT  \\$a  MP
=LAS  \\$aW2302-0174$b00$c20230223$lBLL01$h2000

