=LDR  02797cfm a2200565 i 4500
=001  016335940
=003  Uk
=005  20230223161736.0
=007  aj\canzn
=008  130508q1813\\\\enk||||||\a\\\\\0\\\eng|\
=034  0\$aa$dW0000630$eW0000616$fN0513014$gN0513009
=040  \\$aUk$beng$cUk$dUk$erda
=042  \\$aukblsr
=082  04$a912.42165$223
=100  1\$aChawner, Thomas,$d1774-1851,$esurveyor.
=245  13$aAn Outline Plan of Certain Premises situate at Lambeth in the County of Surrey :$bbelonging to Thomas Gibson an Infant referred to in a Report of the 27th Jany. 1813 upon a Survey /$cby Thos. Chawner, Guildford Street, Francis Edwards Belle Yard, Doctors Commons.
=255  \\$aScale not given$c(W 0°06'30"--W 0°06'16"/N 51°30'14"--N 51°30'09").
=264  \0$a[London],$c[after 1813]
=300  \\$a1 map :$bcolour ;$c51 x 76 cm
=336  \\$acartographic image$2rdacontent
=337  \\$aunmediated$2rdamedia
=338  \\$asheet$2rdacarrier
=500  \\$aPen and ink with wash on paper with additions in pencil.
=500  \\$aA copy of this map with more details at Maps Crace Port. 16.67.
=500  \\$aShows the proposed housing development in Lambeth near Blackfriars Road; properties numbered and coloured for reference with explanation at lower right and dimensions given. Sewers and drains shown in blue. Prick marks suggest copying.
=510  4\$aCrace, John Gregory, A catalogue of maps, plans and views of London, Westminster and Southwark collected and arranged by Frederick Crace (1878),$cnumber 68, page 122
=650  \0$aReal property$zEngland$zLondon$vMaps.
=651  \0$aLambeth (London, England)$vMaps.
=651  \0$aLondon (England)$vMaps.
=655  \7$aMaps.$2fast$0(OCoLC)fst01423704
=700  1\$aCrace, Frederick,$d1779-1859,$eformer owner.
=700  1\$aCrace, John Gregory,$d1809-1889,$edonor.
=700  1\$aEdwards, Francis,$d1784-1857,$esurveyor.
=852  41$aBritish Library$bMAPS$jMaps Crace Port. 16.68
=856  41$3Copy at Maps Crace Port. 16.68$uhttp://www.bl.uk/onlinegallery/onlineex/crace/a/007000000000016u00068000.html$yDigitised map
=985  \\$aRecord amended for WR1606-1727
=985  \\$aUpdated by MS generated file for WR2302-017
=CAT  \\$a12842$b40$c20130508$lBLL01$h1211
=CAT  \\$a12842$b40$c20130508$lBLL01$h1216
=CAT  \\$a12842$b40$c20130508$lBLL01$h1302
=CAT  \\$a12842$b40$c20130703$lBLL01$h1426
=CAT  \\$aWR13.117$c20130718$lBLL01$h1855
=CAT  \\$a5100$b40$c20130919$lBLL01$h1049
=CAT  \\$a5100$b40$c20130919$lBLL01$h1129
=CAT  \\$a12842$b40$c20131012$lBLL01$h1613
=CAT  \\$aW1606-1727$c20160825$lBLL01$h1742
=CAT  \\$aW2302-0174$c20230223$lBLL01$h2000
=FIN  \\$aY$d20130508
=FMT  \\$a  MP
=LAS  \\$aW2302-0174$b00$c20230223$lBLL01$h2000

