=LDR  02080cfm a2200481 i 4500
=001  016336058
=003  Uk
=005  20230223161736.0
=007  aj\canzn
=008  130508q1807\\\\enk||||||\a\\\\\0\\\eng|\
=034  0\$aa$dW0000645$eW0000642$fN0512956$gN0512954
=040  \\$aUk$beng$cUk$dUk$erda
=042  \\$aukblsr
=082  04$a912.42165$223
=100  1\$aChawner, Thomas,$d1774-1851,$esurveyor.
=245  10$a[Drawn plan of a plot of land called the Apollo Gardens].
=255  \\$aScale not given$c(W 0°06'45"--W 0°06'42"/N 51°29'56"--N 51°29'54").
=264  \0$a[London] :$bThomas Chawner,$c1807.
=300  \\$a1 map :$bcolour ;$c40 x 33 cm
=336  \\$acartographic image$2rdacontent
=337  \\$aunmediated$2rdamedia
=338  \\$asheet$2rdacarrier
=500  \\$aPen and ink with wash on paper.
=500  \\$aDate from a pencil annotation at bottom right.
=500  \\$aShows the property on Westminster Bridge Road with measurements and names of abutting owners given.
=510  4\$aCrace, John Gregory, A catalogue of maps, plans and views of London, Westminster and Southwark collected and arranged by Frederick Crace (1878),$cnumber 69, page 122
=651  \0$aLambeth (London, England)$vMaps.
=651  \0$aLondon (England)$vMaps.
=655  \7$aMaps.$2fast$0(OCoLC)fst01423704
=700  1\$aCrace, Frederick,$d1779-1859,$eformer owner.
=700  1\$aCrace, John Gregory,$d1809-1889,$edonor.
=852  41$aBritish Library$bMAPS$jMaps Crace Port. 16.69.(2.)
=856  41$3Copy at Maps Crace Port. 16.69.(2.)$uhttp://www.bl.uk/onlinegallery/onlineex/crace/p/007000000000016u000690b0.html$yDigitised map
=985  \\$aRecord amended for WR1606-1727
=985  \\$aUpdated by MS generated file for WR2302-017
=CAT  \\$a12842$b40$c20130508$lBLL01$h1409
=CAT  \\$aWR13.117$c20130718$lBLL01$h1855
=CAT  \\$a12842$b40$c20131012$lBLL01$h1614
=CAT  \\$aW1606-1727$c20160825$lBLL01$h1742
=CAT  \\$aW2302-0174$c20230223$lBLL01$h2000
=FIN  \\$aY$d20130508
=FMT  \\$a  MP
=LAS  \\$aW2302-0174$b00$c20230223$lBLL01$h2000

