=LDR  02783cem a2200529 i 4500
=001  016336447
=003  Uk
=005  20230223161737.0
=007  aj\aanzn
=008  130509s1744\\\\enk||||||\a\\\\\0\\\eng|\
=034  1\$aa$b4000$dW0000706$eW0000421$fN0513123$gN0513024
=040  \\$aUk$beng$cUk$dUk$erda
=042  \\$aukblsr
=082  04$a912.4212$223
=100  1\$aWren, Christopher,$cSir,$d1632-1723,$earchitect.
=245  10$aICHNOGRAPHIA Urbis LONDINII :$bpost Magnum et fatale INCENDIUM Ano. Dni. MDCLXVI, cum IDEÂ Novæ Urbis Qualem, tune temporis /$cex Cineribus Renatam esse Designibat Clarissimus Vir Dns. CHRISTIOPHORUS WREN Eqs. Ædificiorum ; P. Fourdrinier Sculpsit Craggs Court Charing-Cross.
=246  11$aA PLAN of the City of LONDON, after the great FIRE in the Year of OUR LORD 1666, :$bwith the MODEL of the New City, according to the Design, and Proposal of Sr. CHRISTOPHER WREN Kt. &c. for Rebuilding thereof
=255  \\$aScale approximately 1:4,500$c(W 0°07'06"--W 0°04'21"/N 51°31'23"--N 51°30'24").
=264  \1$a[London] :$b[publisher not identified],$c1744.
=300  \\$a1 map ;$c35 x 68 cm
=336  \\$acartographic image$2rdacontent
=337  \\$aunmediated$2rdamedia
=338  \\$asheet$2rdacarrier
=500  \\$aIncludes explanation note at bottom margin.
=500  \\$aIn cartouche at right centre: This PLATE is Exactly Copied from a Very Scarce PRINT in the Possession of the Earl of Pembroke.
=510  4\$aCrace, John Gregory, A catalogue of maps, plans and views of London, Westminster and Southwark collected and arranged by Frederick Crace (1878),$cnumber 2, page 123
=650  \0$aCity planning$zEngland$zLondon$xMaps.
=650  \0$aGreat Fire, London, England, 1666$vMaps.
=651  \0$aCity of London (England)$vMaps$vEarly works to 1800.
=651  \0$aLondon (England)$vMaps$vEarly works to 1800.
=655  \7$aEarly maps.$2fast$0(OCoLC)fst01752681
=700  1\$aCrace, Frederick,$d1779-1859,$eformer owner.
=700  1\$aCrace, John Gregory,$d1809-1889,$edonor.
=700  1\$aFourdrinier, Paul,$d1698-1758,$eengraver.
=852  41$aBritish Library$bMAPS$jMaps Crace Port. 17.2
=856  41$3Copy at Maps Crace Port. 17.2$uhttp://www.bl.uk/onlinegallery/onlineex/crace/a/007000000000017u00001000.html$yDigitised map
=985  \\$aRecord amended for WR1606-1727
=985  \\$aUpdated by MS generated file for WR2302-017
=CAT  \\$a12842$b40$c20130509$lBLL01$h1316
=CAT  \\$a12842$b40$c20130509$lBLL01$h1354
=CAT  \\$aWR13.117$c20130718$lBLL01$h1855
=CAT  \\$a12842$b40$c20131012$lBLL01$h1623
=CAT  \\$aW1606-1727$c20160825$lBLL01$h1742
=CAT  \\$aW2302-0174$c20230223$lBLL01$h2000
=FIN  \\$aY$d20130509
=FMT  \\$a  MP
=LAS  \\$aW2302-0174$b00$c20230223$lBLL01$h2000

