=LDR  04209cem a2200577 i 4500
=001  016336600
=003  Uk
=005  20230223161737.0
=007  aj\aanzn
=008  130509q1775\\\\enk||||||\a\\\\\0\\\eng|\
=034  1\$aa$b10100$dW0015307$eW0015537$fN0513132$gN0513018$2bound
=040  \\$aUk$beng$cUk$dUk$erda
=042  \\$aukblsr
=082  04$a912.4212$223
=100  1\$aWren, Christopher,$cSir,$d1632-1723,$earchitect.
=245  10$aSr. Cristopher Wren's Plan for Rebuilding the City of London after the dreadfull Conflagration in 1666.
=255  \\$aScale approximately 1:10,100$c(W 1°53'07"--W 1°55'37"/N 51°31'32"--N 51°30'18").
=264  \1$a[London] :$b[printed for J. Cooke, at Shakespeare's Head, in Pater-Noster-Row],$c[1775]
=300  \\$a1 map ;$c17 x 27 cm
=336  \\$acartographic image$2rdacontent
=337  \\$aunmediated$2rdamedia
=338  \\$asheet$2rdacarrier
=500  \\$aFrom A New and Universal History, description and survey of the Cities of London and Westminster, the Borough of Southwark ... by W. Harrison published in 1775. Imprint taken from the title page.
=500  \\$aReduced version of the plan for rebuilding London after the Great Fire submitted by Wren to the city authorities and to the king.
=510  4\$aCrace, John Gregory, A catalogue of maps, plans and views of London, Westminster and Southwark collected and arranged by Frederick Crace (1878),$cnumber 3, page 123
=510  4\$aAdams, Bernard, London illustrated (1983),$b1604-1851,$cnumber 57 (29), page 136
=520  \\$aThis is an eighteenth-century copy of Sir Christopher Wren's plan for rebuilding London after the great fire destroyed seven-eighths of the city. This reduced plan seems to have been published a number of times. This latest edition has a textual explanation beneath the map. When Wren made his plan for rebuilding he was an Oxford astronomer with comparatively little architectural experience, but he was among the first to present a reconstruction plan after the catastrophe. On this plan the narrow streets which had helped spread the fire are replaced by monumental avenues. The influence of the classical buildings and formal street plans which Wren had studied in Paris are a clear influence. Wren also proposed constructing a Thameside quay from Bridle to the Tower, replacing the ramshackle wooden wharfeside buildings with warehouses. A vignette of 'Thamesis' (a putative river god), a female personification of the city, and London burning in the background have been added to the border. Wren's plan was never used. Perhaps due to his eagerness to produce a plan quickly, he was inaccurate in making his ground plan and did not consider contours adequately. Neither king nor parliament were ever to take it seriously, despite title's the assertion that it was 'unhappily defeated by faction'.
=650  \0$aCity planning$zEngland$zLondon$xMaps$vEarly works to 1800.
=650  \0$aGreat Fire, London, England, 1666$vMaps$vEarly works to 1800.
=651  \0$aCity of London (England)$vMaps$vEarly works to 1800.
=651  \0$aLondon (England)$vMaps$vEarly works to 1800.
=655  \7$aEarly maps.$2fast$0(OCoLC)fst01752681
=700  1\$aCrace, Frederick,$d1779-1859,$eformer owner.
=700  1\$aCrace, John Gregory,$d1809-1889,$edonor.
=700  1\$aHarrison, Walter,$dactive 1777,$epublisher.
=852  41$aBritish Library$bMAPS$jMaps Crace Port. 17.3
=856  41$3Copy at Maps Crace Port. 17.3$uhttp://www.bl.uk/onlinegallery/onlineex/crace/s/007000000000017u00003000.html$yDigitised map
=985  \\$aUpgraded from BL georeferencer data 2022-11-17.
=985  \\$aRecord amended for WR1606-1727
=985  \\$aUpdated by MS generated file for WR2302-017
=CAT  \\$a12842$b40$c20130509$lBLL01$h1543
=CAT  \\$a12842$b40$c20130510$lBLL01$h1101
=CAT  \\$aWR13.117$c20130718$lBLL01$h1855
=CAT  \\$a12842$b40$c20131012$lBLL01$h1625
=CAT  \\$aW1606-1727$c20160825$lBLL01$h1742
=CAT  \\$a14185$b40$c20221201$lBLL01$h1737
=CAT  \\$a14185$b40$c20221202$lBLL01$h1534
=CAT  \\$aW2302-0174$c20230223$lBLL01$h2000
=FIN  \\$aY$d20130509
=FMT  \\$a  MP
=LAS  \\$aW2302-0174$b00$c20230223$lBLL01$h2000

