=LDR  03785cem a2200577 i 4500
=001  016382746
=003  Uk
=005  20230223161737.0
=007  aj\aanzn
=008  130510q1800\\\\enk||||||\a\\\\\0\\\eng|\
=034  1\$aa$b10100$dW0015258$eW0015551$fN0513130$gN0513020$2bound
=040  \\$aUk$beng$cUk$dUk$erda
=042  \\$aukblsr
=082  04$a912.4212$223
=100  1\$aWren, Christopher,$cSir,$d1632-1723,$earchitect.
=245  12$aA Plan for Rebuilding the City of London after the Great Fire in 1666 :$bDesign'd by that Great Architect Sr. Chris.r Wren; & approv'd of by King & Parliament, but unhappily defeated by Faction. /$cSparrow Sculp.
=255  \\$aScale approximately 1:10,100$c(W 1°52'58"--W 1°55'51"/N 51°31'30"--N 51°30'20").
=264  \1$a[London] :$b[publisher not identified],$c[about 1800]
=300  \\$a1 map ;$c17 x 33 cm
=336  \\$acartographic image$2rdacontent
=337  \\$aunmediated$2rdamedia
=338  \\$asheet$2rdacarrier
=500  \\$aReduced version of the plan for rebuilding London after the Great Fire submitted by Wren to the city authorities and to the king.
=510  4\$aCrace, John Gregory, A catalogue of maps, plans and views of London, Westminster and Southwark collected and arranged by Frederick Crace (1878),$cnumber 4, page 123
=520  \\$aThis is an 18th-Century copy of Sir Christopher Wren's plan for rebuilding London after the great fire destroyed seven-eighths of the city. Wren, at this point an Oxford astronomer with comparatively little architectural experience, was among the first to present a plan to Charles II after the catastrophe. The narrow streets which had helped the fire's progress are replaced on his plan by monumental avenues radiating from piazzas. The influence of the classical buildings and formal street plans which Wren had studied in Paris are a clear influence. He also proposes the construction of a Thameside quay from Bridewell to the Tower, replacing the ramshackle wooden wharfeside buildings with warehouses. A vignette of 'Thamesis' (the putative river god) with London burning in the background has been added in the lower margin. Wren's plan was never used. Perhaps due to his eagerness to produce a plan quickly, he was inaccurate in making his ground plan and did not consider contours adequately. Neither king nor parliament were to ever take it seriously despite the title's assertion that it was an approved plan.
=650  \0$aCity planning$zEngland$zLondon$xMaps.
=650  \0$aGreat Fire, London, England, 1666$vMaps.
=651  \0$aCity of London (England)$vMaps.
=651  \0$aLondon (England)$vMaps.
=655  \7$aMaps.$2fast$0(OCoLC)fst01423704
=700  1\$aCrace, Frederick,$d1779-1859,$eformer owner.
=700  1\$aCrace, John Gregory,$d1809-1889,$edonor.
=700  1\$aSparrow, Samuel,$eengraver.
=852  41$aBritish Library$bMAPS$jMaps Crace Port. 17.4
=856  41$3Copy at Maps Crace Port. 17.4$uhttp://www.bl.uk/onlinegallery/onlineex/crace/a/007000000000017u00004000.html$yDigitised map
=985  \\$aUpgraded from BL georeferencer data 2022-11-17.
=985  \\$aRecord amended for WR1606-1727
=985  \\$aUpdated by MS generated file for WR2302-017
=CAT  \\$a12842$b40$c20130510$lBLL01$h1034
=CAT  \\$aWR13.117$c20130718$lBLL01$h1855
=CAT  \\$a12842$b40$c20131012$lBLL01$h1629
=CAT  \\$aW1606-1727$c20160825$lBLL01$h1742
=CAT  \\$a10804$b40$c20190404$lBLL01$h1131
=CAT  \\$a10804$b40$c20190404$lBLL01$h1132
=CAT  \\$a10804$b40$c20190404$lBLL01$h1136
=CAT  \\$a14185$b40$c20221201$lBLL01$h1737
=CAT  \\$a14185$b40$c20221202$lBLL01$h1534
=CAT  \\$aW2302-0174$c20230223$lBLL01$h2000
=FIN  \\$aY$d20130510
=FMT  \\$a  MP
=LAS  \\$aW2302-0174$b00$c20230223$lBLL01$h2000

