=LDR  03031cem a2200565 i 4500
=001  016382851
=003  Uk
=005  20230223161737.0
=007  aj\aanzn
=008  130510s1749\\\\enk||||||\a\\\\\0\\\eng|\
=034  1\$aa$b10100$dW0000707$eW0000424$fN0513121$gN0513023
=040  \\$aUk$beng$cUk$dUk$erda
=042  \\$aukblsr
=082  04$a912.4212$223
=100  1\$aRooker, Edward,$d-1774,$eengraver.
=245  12$aA PLAN FOR REBUILDING THE CITY OF LONDON, AFTER THE GREAT FIRE IN 1666; :$bDESIGN'D BY THAT GREAT ARCHITECT SR. CHRISTOPHER WREN; AND APPROV'D OF BY KING AND PARLIAMENT, BUT UNHAPPILY DEFEATED BY FACTION /$cE. Rooker Sculp.
=255  \\$aScale approximately 1:10,100$c(W 0°07'07"--W 0°04'24"/N 51°31'21"--N 51°30'23").
=264  \1$a[London] :$bPublish'd & Sold by the Proprietors at Palladio's Head in Long Acre,$cOctober 3d 1749.
=300  \\$a1 map ;$c16 x 33 cm
=336  \\$acartographic image$2rdacontent
=337  \\$aunmediated$2rdamedia
=338  \\$asheet$2rdacarrier
=500  \\$aContains dedication from John Gwynn to the Lord Mayor, Court of Aldermen and Common Council of the City of London, below title.
=500  \\$aIncludes two panels with notes on Wren's proposal at top left and right, and an explanation to the plan at bottom portion of plate. Shading indicates area destroyed in Great Fire.
=500  \\$aReduced version of the plan for rebuilding London after the Great Fire submitted by Wren to the city authorities and to the king.
=510  4\$aCrace, John Gregory, A catalogue of maps, plans and views of London, Westminster and Southwark collected and arranged by Frederick Crace (1878),$cnumber 6, page 124
=650  \0$aCity planning$zEngland$zLondon$vMaps$vEarly works to 1800.
=650  \0$aGreat Fire, London, England, 1666$vMaps$vEarly works to 1800.
=651  \0$aCity of London (England)$vMaps$vEarly works to 1800.
=651  \0$aLondon (England)$vMaps$vEarly works to 1800.
=655  \7$aEarly maps.$2fast$0(OCoLC)fst01752681
=700  1\$aWren, Christopher,$cSir,$d1632-1723,$earchitect.
=700  1\$aCrace, Frederick,$d1779-1859,$eformer owner.
=700  1\$aCrace, John Gregory,$d1809-1889,$edonor.
=700  1\$aGwynn, John,$d1713-1786,$edraughtsman.
=852  41$aBritish Library$bMAPS$jMaps Crace Port. 17.6
=856  41$3Copy at Maps Crace Port. 17.6$uhttp://www.bl.uk/onlinegallery/onlineex/crace/a/007000000000017u00006000.html$yDigitised map
=985  \\$aRecord amended for WR1606-1727
=985  \\$aUpdated by MS generated file for WR2302-017
=CAT  \\$a12842$b40$c20130510$lBLL01$h1149
=CAT  \\$a12842$b40$c20130510$lBLL01$h1153
=CAT  \\$aWR13.117$c20130718$lBLL01$h1855
=CAT  \\$a12842$b40$c20131012$lBLL01$h1628
=CAT  \\$aBATCH-UPD$b40$c20131220$lBLL01$h1603
=CAT  \\$aW1606-1727$c20160825$lBLL01$h1742
=CAT  \\$a12842$b40$c20160927$lBLL01$h1735
=CAT  \\$aW2302-0174$c20230223$lBLL01$h2000
=FIN  \\$aY$d20130510
=FMT  \\$a  MP
=LAS  \\$aW2302-0174$b00$c20230223$lBLL01$h2000

