=LDR  03118cem a2200529 i 4500
=001  016382961
=003  Uk
=005  20230223161738.0
=007  aj\aanzn
=008  130510s1758\\\\enk||||||\a\\\\\0\\\eng|\
=034  1\$aa$b10400$dW0000707$eW0000424$fN0513116$gN0513023
=040  \\$aUk$beng$cUk$dUk$erda
=042  \\$aukblsr
=082  04$a912.4212$223
=100  1\$aRocque, John,$d-1762,$edraughtsman.
=245  12$aA Plan for Rebuilding the CITY after the Fire. :$bDesign'd by that Great Architect SR. CHRISTOPH.R WREN and approv'd of by King and PARLIAMENT but unhappily Defeated by FACTION.
=246  11$aVUES DE LA VILLE de LONDRES Comme il etoit devant & apres L'INCENDIE de 1666. Avec le PLAN pour rebâtir. Projette par ce grand ARCHITECTE le Chavalier CHRISTOPHLE WREN, & aprouvè par le Roi & PARLEMENT; mais malheureusement rejettè par Faction
=255  \\$aScale approximately 1:10,400$c(W 0°07'07"--W 0°04'24"/N 51°31'16"--N 51°30'23").
=264  \1$a[London] :$bJean Rocque,$c1758.
=300  \\$a1 map and 2 views on 1 sheet ;$c15 x 52 cm or smaller
=336  \\$acartographic image$2rdacontent
=337  \\$aunmediated$2rdamedia
=338  \\$asheet$2rdacarrier
=500  \\$aReduced version of the plan for rebuilding London after the Great Fire submitted by Wren to the city authorities and to the king.
=500  \\$aUpper portion of plate two panoramic views of London based on the view by Wenceslaus Hollar: A PROSPECT of the CITY of LONDON from ST. MARIE OVERS STEEPLE in SOUTHWARK in its flourishing Condition before the FIRE; and Another PROSPECT of the above CITY taken from the same PLACE as it Appeared after that DREADFULL FIRE in 1666. Numbered for reference with an index at lower left.
=510  4\$aCrace, John Gregory, A catalogue of maps, plans and views of London, Westminster and Southwark collected and arranged by Frederick Crace (1878),$cnumber 7, page 124
=650  \0$aCity planning$zEngland$zLondon$vMaps$vEarly works to 1800.
=650  \0$aGreat Fire, London, England, 1666$vMaps$vEarly works to 1800.
=651  \0$aCity of London (England)$vMaps$vEarly works to 1800.
=651  \0$aLondon (England)$vMaps$vEarly works to 1800.
=655  \7$aEarly maps.$2fast$0(OCoLC)fst01752681
=700  1\$aCrace, Frederick,$d1779-1859,$eformer owner.
=700  1\$aCrace, John Gregory,$d1809-1889,$edonor.
=700  1\$aWren, Christopher,$cSir,$d1632-1723,$earchitect.
=700  1\$aHollar, Wenceslaus,$d1607-1677.
=852  41$aBritish Library$bMAPS$jMaps Crace Port. 17.7
=856  41$3Copy at Maps Crace Port. 17.7$uhttp://www.bl.uk/onlinegallery/onlineex/crace/a/007000000000017u00007000.html$yDigitised map
=985  \\$aRecord amended for WR1606-1727
=985  \\$aUpdated by MS generated file for WR2302-017
=CAT  \\$a12842$b40$c20130510$lBLL01$h1359
=CAT  \\$aWR13.117$c20130718$lBLL01$h1855
=CAT  \\$a12842$b40$c20131012$lBLL01$h1628
=CAT  \\$aW1606-1727$c20160825$lBLL01$h1742
=CAT  \\$aW2302-0174$c20230223$lBLL01$h2000
=FIN  \\$aY$d20130510
=FMT  \\$a  MP
=LAS  \\$aW2302-0174$b00$c20230223$lBLL01$h2000

