=LDR  02723cem a2200553 i 4500
=001  016382987
=003  Uk
=005  20230223161738.0
=007  aj\aanzn
=008  130510s1748\\\\enk||||||\a\\\\\0\\\eng|\
=034  0\$aa$dW0000707$eW0000424$fN0513109$gN0513023
=040  \\$aUk$beng$cUk$dUk$erda
=042  \\$aukblsr
=082  04$a912.4212$223
=100  1\$aEvelyn, John,$d1620-1706,$edraughtsman.
=245  10$aLONDINVM REDIVIVVM. :$bPresented by me to his Majesty a Week after the Conflagration, together with a Discourse now in the Paper Office /$cJ.E.
=255  \\$aScale not given$c(W 0°07'07"--W 0°04'24"/N 51°31'09"--N 51°30'23").
=264  \1$a[London] :$bSumptibus Societat. Antiquar. Lond.,$c1748.
=300  \\$a2 plans on 1 sheet ;$c21 x 33 cm or smaller
=336  \\$acartographic image$2rdacontent
=337  \\$aunmediated$2rdamedia
=338  \\$asheet$2rdacarrier
=500  \\$aFrom Vetusta Monumenta, vol. 2.
=500  \\$aReduced version of the plan for rebuilding London after the Great Fire submitted by Evelyn to the city authorities and to the king. Numbered for reference; includes an index and key to symbols.
=510  4\$aCrace, John Gregory, A catalogue of maps, plans and views of London, Westminster and Southwark collected and arranged by Frederick Crace (1878),$cnumber 8, page 124
=510  4\$aAdams, Bernard. London illustrated,$b1604-1851,$cnumber 36 (8), page 86
=650  \0$aCity planning$zEngland$zLondon$xMaps$vEarly works to 1800.
=650  \0$aGreat Fire, London, England, 1666$vMaps$vEarly works to 1800.
=651  \0$aCity of London (England)$vMaps$vEarly works to 1800.
=651  \0$aLondon (England)$vMaps$vEarly works to 1800.
=655  \7$aEarly maps.$2fast$0(OCoLC)fst01752681
=700  1\$aCrace, Frederick,$d1779-1859,$eformer owner.
=700  1\$aCrace, John Gregory,$d1809-1889,$edonor.
=710  2\$aSociety of Antiquaries of London,$epublisher.
=852  41$aBritish Library$bMAPS$jMaps Crace Port. 17.8
=856  41$3Copy at Maps Crace Port. 17.8$uhttp://www.bl.uk/onlinegallery/onlineex/crace/l/007000000000017u00008000.html$yDigitised map
=985  \\$aRecord amended for WR1606-1727
=985  \\$aUpdated by MS generated file for WR2302-017
=CAT  \\$a12842$b40$c20130510$lBLL01$h1443
=CAT  \\$a12842$b40$c20130510$lBLL01$h1445
=CAT  \\$aWR13.117$c20130718$lBLL01$h1855
=CAT  \\$a12842$b40$c20131012$lBLL01$h1630
=CAT  \\$aBATCH-UPD$b40$c20141211$lBLL01$h1122
=CAT  \\$aW1606-1727$c20160825$lBLL01$h1742
=CAT  \\$aBATCH-UPD$b00$c20180225$lBLL01$h2143
=CAT  \\$aW2302-0174$c20230223$lBLL01$h2000
=FIN  \\$aY$d20130510
=FMT  \\$a  MP
=LAS  \\$aW2302-0174$b00$c20230223$lBLL01$h2000

