=LDR  02849cem a2200505 i 4500
=001  016383056
=003  Uk
=005  20230223161738.0
=007  aj\aanzn
=008  130510q1666\\\\enk||||||\a\\\\\0\\\eng|\
=034  0\$aa$dW0000707$eW0000424$fN0513109$gN0513023
=040  \\$aUk$beng$cUk$dUk$erda
=042  \\$aukblsr
=082  04$a912.4212$223
=100  10$aKnight, Val.$q(Valentine),$edraughtsman.
=245  10$aProposals of a New Model for Rebuilding the City of LONDON, with Houses, Streets and Wharfs, to be forthwith set out by His Majesty's and the City Surveyors :$bWith the Advantages that will accrue by the Building the same accordingly /$cVAL. KNIGHT.
=255  \\$aScale not given$c(W 0°07'07"--W 0°04'24"/N 51°31'09"--N 51°30'23").
=264  \1$a[London] :$b[publisher not identified],$c20 Sept. 1666.
=300  \\$a1 map ;$c23 x 35 cm
=336  \\$acartographic image$2rdacontent
=337  \\$aunmediated$2rdamedia
=338  \\$asheet$2rdacarrier
=500  \\$aSupplies plan for rebuilding London after the Great Fire submitted to the city authorities and to the king. Numbered for reference with explanation note below plan. Accompanied by explanatory text by Valentine Knight.
=500  \\$aAbove plan: Several Propositions and Schemes were offer'd to rebuild the City of LONDON, after the great Fire 1666. This was one propos'd by Val. Knight printed 20th of September 1666, without any Draught of Delineation. by this sketch now done, it may be easily compared with other Designs printed.
=510  4\$aCrace, John Gregory, A catalogue of maps, plans and views of London, Westminster and Southwark collected and arranged by Frederick Crace (1878),$cnumber 11, page 125
=650  \0$aCity planning$zEngland$zLondon$vMaps$vEarly works to 1800.
=650  \0$aGreat Fire, London, England, 1666$vMaps$vEarly works to 1800.
=651  \0$aCity of London (England)$vMaps$vEarly works to 1800.
=651  \0$aLondon (England)$vMaps$vEarly works to 1800.
=655  \7$aEarly maps.$2fast$0(OCoLC)fst01752681
=700  1\$aCrace, Frederick,$d1779-1859,$eformer owner.
=700  1\$aCrace, John Gregory,$d1809-1889,$edonor.
=852  41$aBritish Library$bMAPS$jMaps Crace Port. 17.11
=856  41$3Copy at Maps Crace Port. 17.11$uhttp://www.bl.uk/onlinegallery/onlineex/crace/s/007000000000017u00011000.html$yDigitised map
=985  \\$aRecord amended for WR1606-1727
=985  \\$aUpdated by MS generated file for WR2302-017
=CAT  \\$a12842$b40$c20130510$lBLL01$h1627
=CAT  \\$aWR13.117$c20130718$lBLL01$h1855
=CAT  \\$a12842$b40$c20131012$lBLL01$h1633
=CAT  \\$aW1606-1727$c20160825$lBLL01$h1743
=CAT  \\$aBATCH-UPD$b00$c20160825$lBLL01$h1746
=CAT  \\$aW2302-0174$c20230223$lBLL01$h2000
=FIN  \\$aY$d20130510
=FMT  \\$a  MP
=LAS  \\$aW2302-0174$b00$c20230223$lBLL01$h2000

