=LDR  03007cem a2200541 i 4500
=001  016415286
=003  Uk
=005  20230223161741.0
=007  aj\canzn
=008  130520q1766\\\\enk||||||\a\\\\\0\\\eng|\
=034  1\$aa$b2440$dW0015150$eW0015254$fN0513053$gN0513029$2bound
=040  \\$aUk$beng$cUk$dUk$erda
=042  \\$aukblsr
=082  04$a912.42132$223
=245  00$aPART of WESTMINSTER at large shewing the IMPROVEMENTS propos'd about LEICESTER-FIELDS, COVENT-GARDEN, the MEWS &c.
=255  \\$aScale approximately 1:2,440$c(W 1°51'50"--W 1°52'54"/N 51°30'53"--N 51°30'29").
=264  \1$a[London] :$b[Printed for the Author. Sold by Mr. Dodsley, and at Mr. Dalton's Print-Warehouse in Pall-Mall, Mr. Bathoe in the Strand, Mr. Davies in Russel-Street, Covent Garden, and by Mr. Longman in Pater-noster-Row],$c[MDCCLXVI]
=300  \\$a1 map :$bcolour ;$c30 x 49 cm
=336  \\$acartographic image$2rdacontent
=337  \\$aunmediated$2rdamedia
=338  \\$asheet$2rdacarrier
=500  \\$aFrom John Gwynn's London and Westminster improved, illustrated by plans ... published in 1766. Imprint from title page.
=500  \\$aShows proposed improvements including new street layout; measurements given, coloured for reference. Top right Pl. II.
=510  4\$aCrace, John Gregory, A catalogue of maps, plans and views of London, Westminster and Southwark collected and arranged by Frederick Crace (1878),$cnumber 14, page 125
=520  \\$aTrafalgar Square is named Kings Square on this plan and Leicester Square is called Leicester Fields. The new plan is superimposed on the layout of the old. Red lines show new streets in a grid-like formation replacing older and narrower streets and buildings.
=650  \0$aCity planning$zEngland$zLondon$vMaps$vEarly works to 1800.
=651  \0$aWestminster (London, England)$vMaps$vEarly works to 1800.
=651  \0$aLondon (England)$vMaps$vEarly works to 1800.
=655  \7$aEarly maps.$2fast$0(OCoLC)fst01752681
=700  1\$aCrace, Frederick,$d1779-1859,$eformer owner.
=700  1\$aCrace, John Gregory,$d1809-1889,$edonor.
=700  1\$aGwynn, John,$d1713-1786,$earchitect.
=852  41$aBritish Library$bMAPS$jMaps Crace Port. 17.14
=856  41$3Copy at Maps Crace Port. 17.14$uhttp://www.bl.uk/onlinegallery/onlineex/crace/p/007000000000017u00014000.html$yDigitised map
=985  \\$aUpgraded from BL georeferencer data 2022-11-17.
=985  \\$aRecord amended for WR1606-1727
=985  \\$aUpdated by MS generated file for WR2302-017
=CAT  \\$a12842$b40$c20130520$lBLL01$h1432
=CAT  \\$a12842$b40$c20130520$lBLL01$h1626
=CAT  \\$aWR13.117$c20130718$lBLL01$h1855
=CAT  \\$aBATCH-UPD$b00$c20131220$lBLL01$h1603
=CAT  \\$aW1606-1727$c20160825$lBLL01$h1742
=CAT  \\$a14185$b40$c20221201$lBLL01$h1614
=CAT  \\$a14185$b40$c20221202$lBLL01$h1536
=CAT  \\$aW2302-0174$c20230223$lBLL01$h2000
=FIN  \\$aY$d20130520
=FMT  \\$a  MP
=LAS  \\$aW2302-0174$b00$c20230223$lBLL01$h2000

