=LDR  03126cem a2200553 i 4500
=001  016415376
=003  Uk
=005  20230223161741.0
=007  aj\canzn
=008  130520q1766\\\\enk||||||\a\\\\\0\\\eng|\
=034  1\$aa$b12000$dW0014750$eW0015328$fN0513134$gN0512911$2bound
=040  \\$aUk$beng$cUk$dUk$erda
=042  \\$aukblsr
=082  04$a912.42132$223
=245  02$aA PLAN of HYDE-PARK with the CITY and LIBERTIES of WESTMINSTER &c. shewing the several IMPROVEMENTS propos'd.
=255  \\$aScale approximately 1:12,000$c(W 1°47'50"--W 1°53'28"/N 51°31'34"--N 51°29'11").
=264  \1$a[London] :$b[Printed for the Author. Sold by Mr. Dodsley, and at Mr. Dalton's Print-Warehouse in Pall-Mall, Mr. Bathoe in the Strand, Mr. Davies in Russel-Street, Covent Garden, and by Mr. Longman in Pater-noster-Row],$c[MDCCLXVI]
=300  \\$a1 map :$bcolour ;$c31 x 50 cm
=336  \\$acartographic image$2rdacontent
=337  \\$aunmediated$2rdamedia
=338  \\$asheet$2rdacarrier
=500  \\$aFrom John Gwynn's London and Westminster improved, illustrated by plans ... published in 1766. Imprint from title page.
=500  \\$aShows proposed improvements including new street layout and two Royal Palaces in Hyde Park and St James' Place; coloured for reference. Top right Pl. I.
=510  4\$aCrace, John Gregory, A catalogue of maps, plans and views of London, Westminster and Southwark collected and arranged by Frederick Crace (1878),$cnumber 15, page 125
=520  \\$aThis plan shows renovations in Hyde Park and around Westminster. Two Royal palaces have been planned, in Hyde Park and Green Park. The red lines show an intention to regularize the street plan, replacing the narrow irregular streets with a grid-like formation.
=650  \0$aCity planning$zEngland$zLondon$vMaps$vEarly works to 1800.
=650  \0$aPalaces$zEngland$zLondon$vMaps$vEarly works to 1800.
=650  \0$aParks$zEngland$zLondon$vMaps$vEarly works to 1800.
=651  \0$aWestminster (London, England)$vMaps$vEarly works to 1800.
=651  \0$aLondon (England)$vMaps$vEarly works to 1800.
=655  \7$aEarly maps.$2fast$0(OCoLC)fst01752681
=700  1\$aCrace, Frederick,$d1779-1859,$eformer owner.
=700  1\$aCrace, John Gregory,$d1809-1889,$edonor.
=700  1\$aGwynn, John,$d1713-1786,$earchitect.
=852  41$aBritish Library$bMAPS$jMaps Crace Port. 17.15
=856  41$3Copy at Maps Crace Port. 17.15$uhttp://www.bl.uk/onlinegallery/onlineex/crace/a/007000000000017u00015000.html$yDigitised map
=985  \\$aUpgraded from BL georeferencer data 2022-11-17.
=985  \\$aRecord amended for WR1606-1727
=985  \\$aUpdated by MS generated file for WR2302-017
=CAT  \\$a12842$b40$c20130520$lBLL01$h1615
=CAT  \\$aWR13.117$c20130718$lBLL01$h1855
=CAT  \\$aBATCH-UPD$b00$c20131220$lBLL01$h1603
=CAT  \\$aW1606-1727$c20160825$lBLL01$h1742
=CAT  \\$a14185$b40$c20221201$lBLL01$h1615
=CAT  \\$a14185$b40$c20221202$lBLL01$h1536
=CAT  \\$aW2302-0174$c20230223$lBLL01$h2000
=FIN  \\$aY$d20130520
=FMT  \\$a  MP
=LAS  \\$aW2302-0174$b00$c20230223$lBLL01$h2000

