=LDR  02634cem a2200529 i 4500
=001  016415602
=003  Uk
=005  20230223161741.0
=007  aj\aanzn
=008  130521q1800\\\\enk||||||\a\\\\\0\\\eng|\
=034  1\$aa$b1320$dW0015430$eW0015447$fN0513103$gN0513046$2bound
=040  \\$aUk$beng$cUk$dUk$erda
=042  \\$aukblsr
=082  04$a912.4212$223
=245  00$a[Plan of proposed new street from the Mansion House to London Wall].
=255  \\$aScale approximately 1:1,320$c(W 1°54'30"--W 1°54'47"/N 51°31'03"--N 51°30'46").
=264  \1$a[London] :$b[publisher not identified],$c[1800]
=300  \\$a1 map ;$c40 x 23 cm
=336  \\$acartographic image$2rdacontent
=337  \\$aunmediated$2rdamedia
=338  \\$asheet$2rdacarrier
=500  \\$aUnsigned and undated. Date and title from A catalogue of maps, plans and views of London, Westminster and Southwark collected and arranged by Frederick Crace, 1878.
=500  \\$aOriented with south at the top. Proposed street shown by pecked line.
=510  4\$aCrace, John Gregory, A catalogue of maps, plans and views of London, Westminster and Southwark collected and arranged by Frederick Crace (1878),$cnumber 16, page 125
=520  \\$aA pecked line shows the intended new road between Moor Gate and the Mansion House. It cuts through the Gardens belonging to Grocers Hall, Drapers Court and Founders Hall (home of the Founders Company, known for making brass weights and other brass objects).
=650  \0$aCity planning$zEngland$zLondon$vMaps.
=651  \0$aCity of London (England)$vMaps.
=651  \0$aLondon (England)$vMaps.
=655  \7$aMaps.$2fast$0(OCoLC)fst01423704
=700  1\$aCrace, Frederick,$d1779-1859,$eformer owner.
=700  1\$aCrace, John Gregory,$d1809-1889,$edonor.
=852  41$aBritish Library$bMAPS$jMaps Crace Port. 17.16
=856  41$3Copy at Maps Crace Port. 17.16$uhttp://www.bl.uk/onlinegallery/onlineex/crace/other/007000000000017u00016000.html$yDigitised map
=985  \\$aUpgraded from BL georeferencer data 2022-11-17.
=985  \\$aRecord amended for WR1606-1727
=985  \\$aUpdated by MS generated file for WR2302-017
=CAT  \\$a12842$b40$c20130521$lBLL01$h1100
=CAT  \\$a12842$b40$c20130521$lBLL01$h1103
=CAT  \\$aWR13.117$c20130718$lBLL01$h1855
=CAT  \\$a12842$b40$c20131012$lBLL01$h1635
=CAT  \\$aW1606-1727$c20160825$lBLL01$h1742
=CAT  \\$a14185$b40$c20221201$lBLL01$h1615
=CAT  \\$a14185$b40$c20221202$lBLL01$h1537
=CAT  \\$aW2302-0174$c20230223$lBLL01$h2000
=FIN  \\$aY$d20130521
=FMT  \\$a  MP
=LAS  \\$aW2302-0174$b00$c20230223$lBLL01$h2000

