=LDR  03122cem a2200553 i 4500
=001  016415669
=003  Uk
=005  20230223161741.0
=007  aj\canzn
=008  130521q1802\\\\enk||||||\a\\\\\0\\\eng|\
=034  1\$aa$b2500$dW0015424$eW0015512$fN0513121$gN0513043$2bound
=040  \\$aUk$beng$cUk$dUk$erda
=042  \\$aukblsr
=082  04$a912.4212$223
=100  10$aDance, George,$d1741-1825,$earchitect.
=245  10$aIMPROVEMENTS PROPOSED BY THE HON. CORPORATION OF LONDON BETWEEN THE ROYAL EXCHANGE AND FINSBURY SQUARE /$cEngraved by John Cooke, Engraver to the Hon. Board of Admiralty.
=255  \\$aScale approximately 1:2,500$c(W 1°54'24"--W 1°55'12"/N 51°31'21"--N 51°30'43").
=264  \1$a[London] :$b[publisher not identified],$c[1802]
=300  \\$a1 map :$bcolour ;$c44 x 36 cm
=336  \\$acartographic image$2rdacontent
=337  \\$aunmediated$2rdamedia
=338  \\$asheet$2rdacarrier
=500  \\$aDate from A catalogue of maps, plans and views of London, Westminster and Southwark collected and arranged by Frederick Crace, 1878.
=500  \\$aIncludes explanation note at upper left. Coloured for reference.
=500  \\$aShows George Dance's scheme for the reconstruction of streets from the Bank north to Finsbury Square. The designs were only partly carried out. The 'London Amphitheatre' on the site of Bethlehem Hospital was built as Finsbury Circus in about 1812.
=510  4\$aCrace, John Gregory, A catalogue of maps, plans and views of London, Westminster and Southwark collected and arranged by Frederick Crace (1878),$cnumber 17, page 125
=520  \\$aThe principal improvement featured on this plan is the removal of the Bethlem ('Bedlam") hospital and its replacement by the 'London Amphitheatre,' which would comprise at least 60 houses with gardens, stables and coach-houses suitable for 'Opulent Citizens'. This complex would be linked directly to the Royal Exchange via a 80-ft wide new street.
=650  \0$aCity planning$zEngland$zLondon$vMaps.
=651  \0$aCity of London (England)$vMaps.
=651  \0$aLondon (England)$vMaps.
=655  \7$aMaps.$2fast$0(OCoLC)fst01423704
=700  1\$aCrace, Frederick,$d1779-1859,$eformer owner.
=700  1\$aCrace, John Gregory,$d1809-1889,$edonor.
=700  1\$aCooke, John,$d1731-1810,$eengraver.
=852  41$aBritish Library$bMAPS$jMaps Crace Port. 17.17
=856  41$3Copy at Maps Crace Port. 17.17$uhttp://www.bl.uk/onlinegallery/onlineex/crace/i/007000000000017u00017000.html$yDigitised map
=985  \\$aUpgraded from BL georeferencer data 2022-11-17.
=985  \\$aRecord amended for WR1606-1727
=985  \\$aUpdated by MS generated file for WR2302-017
=CAT  \\$a12842$b40$c20130521$lBLL01$h1200
=CAT  \\$aWR13.117$c20130718$lBLL01$h1855
=CAT  \\$aBATCH-UPD$b00$c20150724$lBLL01$h2053
=CAT  \\$aW1606-1727$c20160825$lBLL01$h1742
=CAT  \\$a14185$b40$c20221201$lBLL01$h1615
=CAT  \\$a14185$b40$c20221202$lBLL01$h1538
=CAT  \\$aW2302-0174$c20230223$lBLL01$h2000
=FIN  \\$aY$d20130521
=FMT  \\$a  MP
=LAS  \\$aW2302-0174$b00$c20230223$lBLL01$h2000

