=LDR  03292cem a2200565 i 4500
=001  016415795
=003  Uk
=005  20230223161741.0
=007  aj\canzn
=008  130521s1802\\\\enk||||||\a\\\\\0\\\eng|\
=034  1\$aa$b2500$dW0015429$eW0015508$fN0513117$gN0513046$2bound
=040  \\$aUk$beng$cUk$dUk$erda
=042  \\$aukblsr
=082  04$a912.4212$223
=100  10$aDance, George,$d1741-1825,$earchitect.
=245  12$aA Plan of PROPOSED IMPROVEMENTS between THE ROYAL EXCHANGE AND FINSBURY SQUARE, :$bIn the Wards of Coleman Street & Broad Street In the CITY of LONDON. To carry which into effect application will be made to Parliament, by the Corporation of London, in the ensuing Session. Laid down from the City Plan, /$cBy J. Luffman, Geogr.
=255  \\$aScale approximately 1:2,500$c(W 1°54'29"--W 1°55'08"/N 51°31'17"--N 51°30'46").
=264  \1$aLondon :$bEngrav'd & Publish'd by John Luffman, No. 28, Little Bell Alley, Coleman Street,$c1802.
=300  \\$a1 map :$bcolour ;$c36 x 29 cm
=336  \\$acartographic image$2rdacontent
=337  \\$aunmediated$2rdamedia
=338  \\$asheet$2rdacarrier
=500  \\$aColoured for reference with an explanation note at upper left. Below map: Price One Shilling.
=500  \\$aShows George Dance's scheme for the reconstruction of streets from the Bank north to Finsbury Square. The designs were only partly carried out. The 'London Amphitheatre' on the site of Bethlehem Hospital was built as Finsbury Circus in about 1812.
=510  4\$aCrace, John Gregory, A catalogue of maps, plans and views of London, Westminster and Southwark collected and arranged by Frederick Crace (1878),$cnumber 18, page 125
=520  \\$aThis plan shows the intention to remove Bethlem ('Bedlam") Hospital and replace it with the 'London Amphitheatre' which would comprise at least 60 houses with gardens, stables and coach-houses suitable for 'Opulent Citizens'. This complex will be linked directly to the Royal Exchange via a 80-ft wide new street.
=650  \0$aCity planning$zEngland$zLondon$vMaps.
=651  \0$aCity of London (England)$vMaps.
=651  \0$aLondon (England)$vMaps.
=655  \7$aMaps.$2fast$0(OCoLC)fst01423704
=700  1\$aCrace, Frederick,$d1779-1859,$eformer owner.
=700  1\$aCrace, John Gregory,$d1809-1889,$edonor.
=700  1\$aLuffman, J.$q(John),$d1756-1846,$eengraver,$epublisher.
=852  41$aBritish Library$bMAPS$jMaps Crace Port. 17.18
=856  41$3Copy at Maps Crace Port. 17.18$uhttp://www.bl.uk/onlinegallery/onlineex/crace/a/007000000000017u00018000.html$yDigitised map
=985  \\$aUpgraded from BL georeferencer data 2022-11-17.
=985  \\$aRecord amended for WR1606-1727
=985  \\$aUpdated by MS generated file for WR2302-017
=CAT  \\$a12842$b40$c20130521$lBLL01$h1503
=CAT  \\$a12842$b40$c20130521$lBLL01$h1531
=CAT  \\$a12842$b40$c20130521$lBLL01$h1604
=CAT  \\$aWR13.117$c20130718$lBLL01$h1855
=CAT  \\$aBATCH-UPD$b00$c20160224$lBLL01$h1709
=CAT  \\$aW1606-1727$c20160825$lBLL01$h1742
=CAT  \\$a14185$b40$c20221201$lBLL01$h1616
=CAT  \\$a14185$b40$c20221202$lBLL01$h1539
=CAT  \\$aW2302-0174$c20230223$lBLL01$h2000
=FIN  \\$aY$d20130521
=FMT  \\$a  MP
=LAS  \\$aW2302-0174$b00$c20230223$lBLL01$h2000

