=LDR  02882cem a2200517 i 4500
=001  016415833
=003  Uk
=005  20230223161741.0
=007  aj\canzn
=008  130521s1802\\\\enk||||||\a\\\\\0\\\eng|\
=034  1\$aa$b2500$dW0015429$eW0015511$fN0513051$gN0513020$2bound
=040  \\$aUk$beng$cUk$dUk$erda
=042  \\$aukblsr
=082  04$a912.4212$223
=245  02$aA PLAN for A STREET Eighty Feet wide, and Fifty Feet deep, on each side, between the ROYAL EXCHANGE AND LONDON BRIDGE :$bIn the Wards of Cornhill, Langbourn, Candlewick & Bridge, in the CITY OF LONDON. /$cLaid down by John Luffman Geogr.
=255  \\$aScale approximately 1:2,500$c(W 1°54'29"--W 1°55'11"/N 51°30'51"--N 51°30'20").
=264  \1$aLondon :$bEngrav'd & Publish'd by John Luffman, 28, Little Bell Alley, Coleman Street,$c1802.
=300  \\$a1 map :$bcolour ;$c35 x 29 cm
=336  \\$acartographic image$2rdacontent
=337  \\$aunmediated$2rdamedia
=338  \\$asheet$2rdacarrier
=500  \\$aColoured for reference with an explanation note at left centre. Bottom margin: Price 1s - Of whom may be had A Plan of the Proposed Improvements between the Royal Exchange & Finsbury Square. Price 1s.
=510  4\$aCrace, John Gregory, A catalogue of maps, plans and views of London, Westminster and Southwark collected and arranged by Frederick Crace (1878),$cnumber 19, page 125
=520  \\$aThis is a plan for a new street connecting the Royal Exchange to London Bridge. The different colours used on this plan denote the property of the different wards of Cornhill, Langbourn, Candlewick and Bridge. In the top left corner is a manuscript note about the 'peers' (supporting piers) of Southwark Bridge.
=650  \0$aCity planning$zEngland$zLondon$vMaps.
=651  \0$aCity of London (England)$vMaps.
=651  \0$aLondon (England)$vMaps.
=655  \7$aMaps.$2fast$0(OCoLC)fst01423704
=700  1\$aCrace, Frederick,$d1779-1859,$eformer owner.
=700  1\$aCrace, John Gregory,$d1809-1889,$edonor.
=700  1\$aLuffman, J.$q(John),$d1756-1846,$eengraver,$epublisher.
=852  41$aBritish Library$bMAPS$jMaps Crace Port. 17.19
=856  41$3Copy at Maps Crace Port. 17.19$uhttp://www.bl.uk/onlinegallery/onlineex/crace/a/007000000000017u00019000.html$yDigitised map
=985  \\$aUpgraded from BL georeferencer data 2022-11-17.
=985  \\$aRecord amended for WR1606-1727
=985  \\$aUpdated by MS generated file for WR2302-017
=CAT  \\$a12842$b40$c20130521$lBLL01$h1558
=CAT  \\$a12842$b40$c20130521$lBLL01$h1559
=CAT  \\$aWR13.117$c20130718$lBLL01$h1855
=CAT  \\$aW1606-1727$c20160825$lBLL01$h1742
=CAT  \\$a14185$b40$c20221201$lBLL01$h1616
=CAT  \\$a14185$b40$c20221202$lBLL01$h1539
=CAT  \\$aW2302-0174$c20230223$lBLL01$h2000
=FIN  \\$aY$d20130521
=FMT  \\$a  MP
=LAS  \\$aW2302-0174$b00$c20230223$lBLL01$h2000

