=LDR  02780cem a2200553 i 4500
=001  016415854
=003  Uk
=005  20230223161741.0
=007  aj\aanzn
=008  130521q1802\\\\enk||||||\a\\\\\0\\\eng|\
=034  1\$aa$dW0015336$eW0015357$fN0513104$gN0513055$2bound
=040  \\$aUk$beng$cUk$dUk$erda
=042  \\$aukblsr
=082  04$a912.4212$223
=245  00$aPLAN OF THE CITYS INTENDED IMPROVEMENT AT SNOW HILL /$cSurveyors Office Guildhall ; R. Metcalf sculp., 127 Bunhill Row.
=255  \\$aScale not given$c(W 1°53'36"--W 1°53'57"/N 51°31'04"--N 51°30'55").
=264  \1$a[London] :$b[publisher not identified],$c[1802]
=300  \\$a1 map ;$c21 x 61 cm
=336  \\$acartographic image$2rdacontent
=337  \\$aunmediated$2rdamedia
=338  \\$asheet$2rdacarrier
=500  \\$aDate from A catalogue of maps, plans and views of London, Westminster and Southwark collected and arranged by Frederick Crace, 1878.
=500  \\$aShows proposed improvements including widening of the streets with buildings to be pulled down numbered and lettered. Explanation note at upper right.
=500  \\$aOriented with south at the top.
=510  4\$aCrace, John Gregory, A catalogue of maps, plans and views of London, Westminster and Southwark collected and arranged by Frederick Crace (1878),$cnumber 20, page 126
=520  \\$aThis plan shows the widening and continuation of the road at Snow Hill. The properties within the route of expansion are numbered and lettered, indicating that they are to be purchased to allow for the development.
=650  \0$aCity planning$zEngland$zLondon$vMaps.
=651  \0$aCity of London (England)$vMaps.
=651  \0$aLondon (England)$vMaps.
=655  \7$aMaps.$2fast$0(OCoLC)fst01423704
=700  1\$aCrace, Frederick,$d1779-1859,$eformer owner.
=700  1\$aCrace, John Gregory,$d1809-1889,$edonor.
=700  1\$aMetcalf, Robert,$dactive 1795-1810,$eengraver.
=852  41$aBritish Library$bMAPS$jMaps Crace Port. 17.20
=856  41$3Copy at Maps Crace Port. 17.20$uhttp://www.bl.uk/onlinegallery/onlineex/crace/p/007000000000017u00020000.html$yDigitised map
=985  \\$aUpgraded from BL georeferencer data 2022-11-17.
=985  \\$aRecord amended for WR1606-1727
=985  \\$aUpdated by MS generated file for WR2302-017
=CAT  \\$a12842$b40$c20130521$lBLL01$h1625
=CAT  \\$a12842$b40$c20130521$lBLL01$h1629
=CAT  \\$a12842$b40$c20130521$lBLL01$h1702
=CAT  \\$aWR13.117$c20130718$lBLL01$h1855
=CAT  \\$aW1606-1727$c20160825$lBLL01$h1742
=CAT  \\$a14185$b40$c20221201$lBLL01$h1617
=CAT  \\$a14185$b40$c20221202$lBLL01$h1540
=CAT  \\$aW2302-0174$c20230223$lBLL01$h2000
=FIN  \\$aY$d20130521
=FMT  \\$a  MP
=LAS  \\$aW2302-0174$b00$c20230223$lBLL01$h2000

