=LDR  02636cem a2200541 i 4500
=001  016415861
=003  Uk
=005  20230223161741.0
=007  aj\canzn
=008  130521q1802\\\\enk||||||\a\\\\\0\\\eng|\
=034  1\$aa$dW0015341$eW0015353$fN0513102$gN0513057$2bound
=040  \\$aUk$beng$cUk$dUk$erda
=042  \\$aukblsr
=082  04$a912.4212$223
=245  00$a[Plan of the intended improvements at Snow Hill] /$cV. Woodthrope sc., 29 Fetter Lane.
=255  \\$aScale not given$c(W 1°53'41"--W 1°53'53"/N 51°31'02"--N 51°30'57").
=264  \1$a[London] :$b[publisher not identified],$c[1802]
=300  \\$a1 map :$bcolour ;$c26 x 44 cm
=336  \\$acartographic image$2rdacontent
=337  \\$aunmediated$2rdamedia
=338  \\$asheet$2rdacarrier
=500  \\$aTitle and date from A catalogue of maps, plans and views of London, Westminster and Southwark collected and arranged by Frederick Crace, 1878.
=500  \\$aShows proposed improvements including widening of the streets with properties numbered and coloured for reference.
=510  4\$aCrace, John Gregory, A catalogue of maps, plans and views of London, Westminster and Southwark collected and arranged by Frederick Crace (1878),$cnumber 21, page 126
=520  \\$aSnowhill is a steep hill extending from Central Markets to Holborn Viaduct. The plan shows improvements at Snowhill which predate the building of the viaduct in 1869.
=650  \0$aCity planning$zEngland$zLondon$vMaps.
=651  \0$aCity of London (England)$vMaps.
=651  \0$aLondon (England)$vMaps$vEarly works to 1800.
=651  \0$aLondon (England)$vMaps.
=655  \7$aMaps.$2fast$0(OCoLC)fst01423704
=700  1\$aCrace, Frederick,$d1779-1859,$eformer owner.
=700  1\$aCrace, John Gregory,$d1809-1889,$edonor.
=700  1\$aWoodthorpe, Vincent,$eengraver.
=852  41$aBritish Library$bMAPS$jMaps Crace Port. 17.21
=856  41$3Copy at Maps Crace Port. 17.21$uhttp://www.bl.uk/onlinegallery/onlineex/crace/other/007000000000017u00021000.html$yDigitised map
=985  \\$aUpgraded from BL georeferencer data 2022-11-17.
=985  \\$aRecord amended for WR1606-1727
=985  \\$aUpdated by MS generated file for WR2302-017
=CAT  \\$a12842$b40$c20130521$lBLL01$h1643
=CAT  \\$a12842$b40$c20130521$lBLL01$h1701
=CAT  \\$aWR13.117$c20130718$lBLL01$h1855
=CAT  \\$aW1606-1727$c20160825$lBLL01$h1742
=CAT  \\$a14185$b40$c20221201$lBLL01$h1617
=CAT  \\$a14185$b40$c20221202$lBLL01$h1541
=CAT  \\$aW2302-0174$c20230223$lBLL01$h2000
=FIN  \\$aY$d20130521
=FMT  \\$a  MP
=LAS  \\$aW2302-0174$b00$c20230223$lBLL01$h2000

