=LDR  02126cem a2200457 i 4500
=001  016416818
=003  Uk
=005  20230223161741.0
=007  aj\aanzn
=008  130522s1824\\\\enk||||||\a\\\\\0\\\eng|\
=034  0\$aa$dW0000624$eW0000616$fN0513102$gN0513055
=040  \\$aUk$beng$cUk$dUk$erda
=042  \\$aukblsr
=082  04$a912.4212$223
=245  00$aPLAN of PROPERTY proposed to be purchased between FLEET MARKET and SHOE LANE for the ERECTION of a NEW MARKET on the SITE thereof. /$cDrawn on Stone by I.T. Lewis ; Mitchelson & Co. Lithog. 3, Nun Court, Aldermanbury ; Office of Works, Guildhall.
=255  \\$aScale not given$c(W 0°06'24"--W 0°06'16"/N 51°31'02"--N 51°30'55").
=264  \1$a[London] :$b[publisher not identified],$c1824.
=300  \\$a1 map ;$c44 x 42 cm
=336  \\$acartographic image$2rdacontent
=337  \\$aunmediated$2rdamedia
=338  \\$asheet$2rdacarrier
=500  \\$aProperties numbered for reference with tenants' and leaseholders' names reported.
=500  \\$aOriented with east at the top.
=510  4\$aCrace, John Gregory, A catalogue of maps, plans and views of London, Westminster and Southwark collected and arranged by Frederick Crace (1878),$cnumber 22, page 126
=650  \0$aCity planning$zEngland$zLondon$vMaps.
=651  \0$aCity of London (England)$vMaps.
=651  \0$aLondon (England)$vMaps.
=655  \7$aMaps.$2fast$0(OCoLC)fst01423704
=700  1\$aCrace, Frederick,$d1779-1859,$eformer owner.
=700  1\$aCrace, John Gregory,$d1809-1889,$edonor.
=852  41$aBritish Library$bMAPS$jMaps Crace Port. 17.22
=856  41$3Copy at Maps Crace Port. 17.22$uhttp://www.bl.uk/onlinegallery/onlineex/crace/p/007000000000017u00022000.html$yDigitised map
=985  \\$aRecord amended for WR1606-1727
=985  \\$aUpdated by MS generated file for WR2302-017
=CAT  \\$a12842$b40$c20130522$lBLL01$h1201
=CAT  \\$aWR13.117$c20130718$lBLL01$h1855
=CAT  \\$aW1606-1727$c20160825$lBLL01$h1742
=CAT  \\$aW2302-0174$c20230223$lBLL01$h2000
=FIN  \\$aY$d20130522
=FMT  \\$a  MP
=LAS  \\$aW2302-0174$b00$c20230223$lBLL01$h2000

