=LDR  02491cem a2200541 i 4500
=001  016416902
=003  Uk
=005  20230223161742.0
=007  aj\canzn
=008  130522q1831\\\\enk||||||\a\\\\\0\\\eng|\
=034  1\$aa$dW0015429$eW0015508$fN0513103$gN0513028$2bound
=040  \\$aUk$beng$cUk$dUk$erda
=042  \\$aukblsr
=082  04$a912.4212$223
=245  02$aA Plan for a Street from MOORGATE to the London Bridge.
=255  \\$aScale not given$c(W 1°54'29"--W 1°55'08"/N 51°31'03"--N 51°30'28").
=264  \1$a[London] :$bPrinted by J. Higgins, St. Michaels Alley, Cornhill ; Sold by W. Clark, Printseller, Finch Lane,$c[approximately 1831]
=300  \\$a1 map :$bcolour ;$c27 x 39 cm
=336  \\$acartographic image$2rdacontent
=337  \\$aunmediated$2rdamedia
=338  \\$asheet$2rdacarrier
=500  \\$aDate in imprint from Tooley's dictionary of mapmakers E-J (2001).
=500  \\$aShows proposed improvements including widening of the streets with buildings to be pulled down numbered and coloured.
=500  \\$aOriented with west at the top.
=510  4\$aCrace, John Gregory, A catalogue of maps, plans and views of London, Westminster and Southwark collected and arranged by Frederick Crace (1878),$cnumber 24, page 126
=520  \\$aThis is a plan showing an intended street from Moorgate to London Bridge.
=650  \0$aCity planning$zEngland$zLondon$vMaps.
=650  \0$aRoads$zEngland$zLondon$vMaps.
=651  \0$aCity of London (England)$vMaps.
=651  \0$aLondon (England)$vMaps.
=655  \7$aMaps.$2fast$0(OCoLC)fst01423704
=700  1\$aCrace, Frederick,$d1779-1859,$eformer owner.
=700  1\$aCrace, John Gregory,$d1809-1889,$edonor.
=700  1\$aHiggins, J.,$eprinter.
=852  41$aBritish Library$bMAPS$jMaps Crace Port. 17.24
=856  41$3Copy at Maps Crace Port. 17.24$uhttp://www.bl.uk/onlinegallery/onlineex/crace/a/007000000000017u00024000.html$yDigitised map
=985  \\$aUpgraded from BL georeferencer data 2022-11-17.
=985  \\$aRecord amended for WR1606-1727
=985  \\$aUpdated by MS generated file for WR2302-017
=CAT  \\$a12842$b40$c20130522$lBLL01$h1507
=CAT  \\$aWR13.117$c20130718$lBLL01$h1855
=CAT  \\$aW1606-1727$c20160825$lBLL01$h1742
=CAT  \\$a14185$b40$c20221201$lBLL01$h1617
=CAT  \\$a14185$b40$c20221202$lBLL01$h1542
=CAT  \\$aW2302-0174$c20230223$lBLL01$h2000
=FIN  \\$aY$d20130522
=FMT  \\$a  MP
=LAS  \\$aW2302-0174$b00$c20230223$lBLL01$h2000

