=LDR  02422cem a2200505 i 4500
=001  016417148
=003  Uk
=005  20230223161742.0
=007  aj\aanzn
=008  130523q1800\\\\enk||||||\a\\\\\0\\\eng|\
=034  1\$aa$b1610$dW0000518$eW0000500$fN0513034$gN0513022
=040  \\$aUk$beng$cUk$dUk$erda
=042  \\$aukblsr
=082  04$a912.4212$223
=245  02$aA Sketch Shewing the Depth of the RIVER THAMES, between LONDON BRIDGE, and BILLINGSGATE.
=255  \\$aScale approximately 1:1,610$c(W 0°05'18"--W 0°05'00"/N 51°30'34"--N 51°30'22").
=264  \1$a[London] :$b[Luke Hansard],$c[about 1800]
=300  \\$a1 plan ;$c17 x 26 cm
=336  \\$acartographic image$2rdacontent
=337  \\$aunmediated$2rdamedia
=338  \\$asheet$2rdacarrier
=500  \\$aPrinter's name from A catalogue of maps, plans and views of London, Westminster and Southwark collected and arranged by Frederick Crace, 1878.
=500  \\$aReduced version of sketch published as an appendix B7 in the Second Report from the Select Committee upon the Improvement of the Port of London, 1799.
=500  \\$aIncludes explanation notes on recorded depth soundings, centre and below title.
=510  4\$aCrace, John Gregory, A catalogue of maps, plans and views of London, Westminster and Southwark collected and arranged by Frederick Crace (1878),$cnumber 28, page 126
=650  \0$aCity planning$zEngland$zLondon$vMaps.
=650  \0$aBridges$zEngland$zThames River$vMaps.
=651  \0$aLondon Bridge (London, England)$vMaps.
=651  \0$aLondon (England)$vMaps.
=655  \7$aMaps.$2fast$0(OCoLC)fst01423704
=700  1\$aCrace, Frederick,$d1779-1859,$eformer owner.
=700  1\$aCrace, John Gregory,$d1809-1889,$edonor.
=700  1\$aHansard, Luke,$d1752-1828,$eprinter.
=852  41$aBritish Library$bMAPS$jMaps Crace Port. 17.28
=856  41$3Copy at Maps Crace Port. 17.28$uhttp://www.bl.uk/onlinegallery/onlineex/crace/a/007000000000017u00028000.html$yDigitised map
=985  \\$aRecord amended for WR1606-1727
=985  \\$aUpdated by MS generated file for WR2302-017
=CAT  \\$a12842$b40$c20130523$lBLL01$h1249
=CAT  \\$a12842$b40$c20130523$lBLL01$h1708
=CAT  \\$aWR13.117$c20130718$lBLL01$h1855
=CAT  \\$aW1606-1727$c20160825$lBLL01$h1742
=CAT  \\$aW2302-0174$c20230223$lBLL01$h2000
=FIN  \\$aY$d20130523
=FMT  \\$a  MP
=LAS  \\$aW2302-0174$b00$c20230223$lBLL01$h2000

