=LDR  02697cem a2200541 i 4500
=001  016417176
=003  Uk
=005  20230223161742.0
=007  aj\aanzn
=008  130523q1807\\\\enk||||||\a\\\\\0\\\eng|\
=034  0\$aa$dW0000518$eW0000513$fN0513032$gN0513024
=040  \\$aUk$beng$cUk$dUk$erda
=042  \\$aukblsr
=082  04$a912.4212$223
=100  10$aDance, George,$d1741-1825,$earchitect.
=245  10$aPlan and Elevation of LONDON BRIDGE, in its Present State (2nd. JULY 1799) /$cby Mr. Dance ; Surveyor's Office, Guildhall ; James Basire sculp.
=255  \\$aScale not given$c(W 0°05'18"--W 0°05'13"/N 51°30'32"--N 51°30'24").
=264  \1$a[London] :$bLuke Hansard & Sons Printers,$c[after 1807]
=300  \\$a1 plan ;$c30 x 50 cm
=336  \\$acartographic image$2rdacontent
=337  \\$aunmediated$2rdamedia
=338  \\$asheet$2rdacarrier
=500  \\$aThe partnership of Luke Hansard and his two younger sons James and Luke Graves commenced about 1807.
=500  \\$aReduced version of plan engraved by Robert Metcalf and published as an appendix B1 in the Second Report from the Select Committee upon the Improvement of the Port of London, 1799.
=500  \\$aShows London Bridge in elevation with dimensions given and levels indicated. Above title: APPENDIX (B.1).
=500  \\$aIncludes inset: Section through the middle on the 2nd Lock from the London Shore, right margin.
=510  4\$aCrace, John Gregory, A catalogue of maps, plans and views of London, Westminster and Southwark collected and arranged by Frederick Crace (1878),$cnumber 29, page 127
=650  \0$aBridges$zEngland$zThames River$vMaps.
=651  \0$aLondon Bridge (London, England)$vMaps.
=651  \0$aLondon (England)$vMaps.
=655  \7$aMaps.$2fast$0(OCoLC)fst01423704
=700  1\$aCrace, Frederick,$d1779-1859,$eformer owner.
=700  1\$aCrace, John Gregory,$d1809-1889,$edonor.
=852  41$aBritish Library$bMAPS$jMaps Crace Port. 17.29
=856  41$3Copy at Maps Crace Port. 17.29$uhttp://www.bl.uk/onlinegallery/onlineex/crace/p/007000000000017u00029000.html$yDigitised map
=985  \\$aRecord amended for WR1606-1727
=985  \\$aUpdated by MS generated file for WR2302-017
=CAT  \\$a12842$b40$c20130523$lBLL01$h1342
=CAT  \\$a12842$b40$c20130523$lBLL01$h1713
=CAT  \\$aWR13.117$c20130718$lBLL01$h1855
=CAT  \\$a12842$b40$c20131012$lBLL01$h1638
=CAT  \\$a12842$b40$c20131012$lBLL01$h1639
=CAT  \\$aBATCH-UPD$b40$c20160224$lBLL01$h1709
=CAT  \\$aW1606-1727$c20160825$lBLL01$h1742
=CAT  \\$aW2302-0174$c20230223$lBLL01$h2000
=FIN  \\$aY$d20130523
=FMT  \\$a  MP
=LAS  \\$aW2302-0174$b00$c20230223$lBLL01$h2000

