=LDR  02381cem a2200517 i 4500
=001  016417236
=003  Uk
=005  20230223161742.0
=007  aj\canzn
=008  130523s1827\\\\enk||||||\a\\\\\0\\\eng|\
=034  0\$aa$dW0000539$eW0000506$fN0513103$gN0513030
=040  \\$aUk$beng$cUk$dUk$erda
=042  \\$aukblsr
=082  04$a912.4212$223
=245  00$aLONDON IMPROVEMENTS /$cC. Burton delt.
=255  \\$aScale not given$c(W 0°05'39"--W 0°05'06"/N 51°31'03"--N 51°30'30").
=264  \1$a[London] :$bPeter Jeffery, 81 Cheapside,$cMarch 16th 1827.
=300  \\$a1 map :$bcolour ;$c34 x 42 cm
=336  \\$acartographic image$2rdacontent
=337  \\$aunmediated$2rdamedia
=338  \\$asheet$2rdacarrier
=500  \\$aContains dedication to the Lords of His Majesty's Treasury from Peter Jeffery.
=500  \\$aShows proposed approaches to New London Bridge and Southwark Bridge. Coloured for reference with explanation note below map.
=500  \\$aIncludes two insets: birds-eye view of the north side of New London Bridge and frontal view of the London Arcade.
=510  4\$aCrace, John Gregory, A catalogue of maps, plans and views of London, Westminster and Southwark collected and arranged by Frederick Crace (1878),$cnumber 31, page 127
=650  \0$aCity planning$zEngland$zLondon$vMaps.
=650  \0$aBridges$zEngland$zThames River$vMaps.
=651  \0$aLondon Bridge (London, England)$vMaps.
=651  \0$aCity of London (England)$vMaps.
=651  \0$aLondon (England)$vMaps.
=655  \7$aMaps.$2fast$0(OCoLC)fst01423704
=700  1\$aCrace, Frederick,$d1779-1859,$eformer owner.
=700  1\$aCrace, John Gregory,$d1809-1889,$edonor.
=700  1\$aBurton, Charles,$dactive 1823-1839,$elithographer.
=700  1\$aJeffery, Peter,$epublisher.
=852  41$aBritish Library$bMAPS$jMaps Crace Port. 17.31
=856  41$3Copy at Maps Crace Port. 17.31$uhttp://www.bl.uk/onlinegallery/onlineex/crace/l/007000000000017u00031000.html$yDigitised map
=985  \\$aRecord amended for WR1606-1727
=985  \\$aUpdated by MS generated file for WR2302-017
=CAT  \\$a12842$b40$c20130523$lBLL01$h1545
=CAT  \\$aWR13.117$c20130718$lBLL01$h1855
=CAT  \\$aW1606-1727$c20160825$lBLL01$h1742
=CAT  \\$aW2302-0174$c20230223$lBLL01$h2000
=FIN  \\$aY$d20130523
=FMT  \\$a  MP
=LAS  \\$aW2302-0174$b00$c20230223$lBLL01$h2000

