=LDR  03049cem a2200577 i 4500
=001  016417273
=003  Uk
=005  20230223161742.0
=007  aj\canzn
=008  130523s1828\\\\enk||||||\a\\\\\0\\\eng|\
=034  1\$aa$b1010$dW0000534$eW0000512$fN0513028$gN0513014
=040  \\$aUk$beng$cUk$dUk$erda
=042  \\$aukblsr
=100  1\$aGwilt, George,$d1746-1807,$earchitect,$epublisher.
=245  10$aPlan for the Improvement of the Approaches on the South side of new London Bridge /$cG. Gwilt delt. ; J. le Keux sculpt.
=255  \\$aScale approximately 1:1,010$c(W 0°05'34"--W 0°05'12"/N 51°30'28"--N 51°30'14").
=264  \1$aLondon :$bPublished by Geoe. Gwilt, and to be had at Priestley and Weale's Architectural Library, High Street, Bloomsbury,$cApril 24th. 1828.
=300  \\$a1 map :$bcolour ;$c64 x 45 cm
=336  \\$acartographic image$2rdacontent
=337  \\$aunmediated$2rdamedia
=338  \\$asheet$2rdacarrier
=500  \\$aContains dedication from George Gwilt to the Lords of his Majesty's Treasury, Matthias Pume Lucas, Lord Mayor of the City of London, the Corporation and the Members of Parliament for the City of London, the County of Surrey and Borough of Southwark.
=500  \\$aShows proposed approaches to New London Bridge; coloured for reference. Includes section showing the line of ascent of the new road from the centre of the first arch on the Surrey side with frontal view of the Southwark Cathedral.
=500  \\$aBottom left MS note '301'.
=510  4\$aCrace, John Gregory, A catalogue of maps, plans and views of London, Westminster and Southwark collected and arranged by Frederick Crace (1878),$cnumber 32, page 127
=650  \0$aCity planning$zEngland$zLondon$vMaps.
=650  \0$aBridges$zEngland$zThames River$vMaps.
=651  \0$aLondon Bridge (London, England)$vMaps.
=651  \0$aSouthwark (London, England)$vMaps.
=651  \0$aLondon (England)$vMaps.
=655  \7$aMaps.$2fast$0(OCoLC)fst01423704
=700  1\$aCrace, Frederick,$d1779-1859,$eformer owner.
=700  1\$aCrace, John Gregory,$d1809-1889,$edonor.
=700  1\$aLe Keux, John,$d1783-1846,$eengraver.
=852  41$aBritish Library$bMAPS$jMaps Crace Port. 17.32.(1.)
=856  41$3Copy at Maps Crace Port. 17.32.(1.)$uhttp://www.bl.uk/onlinegallery/onlineex/crace/other/007000000000017u000320a0.html$yDigitised map
=985  \\$aRecord amended for WR1606-1727
=985  \\$aUpdated by MS generated file for WR2302-017
=CAT  \\$a12842$b40$c20130523$lBLL01$h1624
=CAT  \\$a12842$b40$c20130523$lBLL01$h1626
=CAT  \\$a12842$b40$c20130523$lBLL01$h1628
=CAT  \\$a12842$b40$c20130703$lBLL01$h1437
=CAT  \\$aWR13.117$c20130718$lBLL01$h1855
=CAT  \\$a5100$b40$c20130723$lBLL01$h1445
=CAT  \\$aBATCH-UPD$b40$c20130726$lBLL01$h2126
=CAT  \\$a12842$b40$c20131012$lBLL01$h1639
=CAT  \\$aW1606-1727$c20160825$lBLL01$h1742
=CAT  \\$aW2302-0174$c20230223$lBLL01$h2000
=FIN  \\$aY$d20130523
=FMT  \\$a  MP
=LAS  \\$aW2302-0174$b00$c20230223$lBLL01$h2000

