=LDR  03051cem a2200553 i 4500
=001  016417536
=003  Uk
=005  20230223161742.0
=007  aj\aanzn
=008  130524q1831\\\\enk||||||\a\\\\\0\\\eng|\
=034  1\$aa$b1320$dW0015441$eW0015453$fN0513041$gN0513030$2bound
=040  \\$aUk$beng$cUk$dUk$erda
=042  \\$aukblsr
=082  04$a912.4212$223
=100  1\$aKnight, William,$earchitect.
=245  10$aPLAN Shewing the Site of ST. MICHAEL'S CHURCH, :$btogether with the Ancient line of ROADS and BUILDINGS previous to their removal for the Approaches to the NEW LONDON BRIDGE in 1831 /$cDrawn by William Knight, Archt. ; Engraved by R. Martin, 124 High Holborn.
=255  \\$aScale approximately 1:1,320$c(W 1°54'41"--W 1°54'53"/N 51°30'41"--N 51°30'30").
=264  \1$a[London] :$b[publisher not identified],$c[after 1831]
=300  \\$a1 map ;$c17 x 28 cm
=336  \\$acartographic image$2rdacontent
=337  \\$aunmediated$2rdamedia
=338  \\$asheet$2rdacarrier
=500  \\$aShows proposed approaches to New London Bridge; with buildings to be pulled down numbered and labelled. Boundary of St Michael's parish shown by pecked line.
=510  4\$aCrace, John Gregory, A catalogue of maps, plans and views of London, Westminster and Southwark collected and arranged by Frederick Crace (1878),$cnumber 33, page 127
=520  \\$aThis is a plan of the proposed new streets on the approach to New London Bridge. Also shown is Old London Bridge, which was taken down when the new bridge reached completion. A pecked line shows the boundary of St. Michael's Parish. All the properties in the immediate vicinity of renovations are numbered. Some of these would need to be removed to allow for the building of the new street approaching the bridge.
=650  \0$aCity planning$zEngland$zLondon$vMaps.
=650  \0$aBridges$zEngland$zThames River$vMaps.
=651  \0$aLondon Bridge (London, England)$vMaps.
=651  \0$aCity of London (England)$vMaps.
=651  \0$aLondon (England)$vMaps.
=655  \7$aMaps.$2fast$0(OCoLC)fst01423704
=700  1\$aCrace, Frederick,$d1779-1859,$eformer owner.
=700  1\$aCrace, John Gregory,$d1809-1889,$edonor.
=700  1\$aMartin, Robert,$d1798?-1885,$eengraver.
=852  41$aBritish Library$bMAPS$jMaps Crace Port. 17.33
=856  41$3Copy at Maps Crace Port. 17.33$uhttp://www.bl.uk/onlinegallery/onlineex/crace/p/007000000000017u00033000.html$yDigitised map
=985  \\$aUpgraded from BL georeferencer data 2022-11-17.
=985  \\$aRecord amended for WR1606-1727
=985  \\$aUpdated by MS generated file for WR2302-017
=CAT  \\$a12842$b40$c20130524$lBLL01$h1203
=CAT  \\$aWR13.117$c20130718$lBLL01$h1855
=CAT  \\$a12842$b40$c20131012$lBLL01$h1639
=CAT  \\$aW1606-1727$c20160825$lBLL01$h1742
=CAT  \\$a14185$b40$c20221201$lBLL01$h1618
=CAT  \\$a14185$b40$c20221202$lBLL01$h1543
=CAT  \\$aW2302-0174$c20230223$lBLL01$h2000
=FIN  \\$aY$d20130524
=FMT  \\$a  MP
=LAS  \\$aW2302-0174$b00$c20230223$lBLL01$h2000

