=LDR  02401cem a2200517 i 4500
=001  016417574
=003  Uk
=005  20230223161742.0
=007  aj\aanzn
=008  130524q1831\\\\enk||||||\a\\\\\0\\\eng|\
=034  1\$aa$b1270$dW0000520$eW0000509$fN0513037$gN0513020
=040  \\$aUk$beng$cUk$dUk$erda
=042  \\$aukblsr
=082  04$a912.4212$223
=100  1\$aRennie, John,$d1761-1821,$earchitect.
=245  10$aNEW LONDON BRIDGE /$cJohn Rennie.
=255  \\$aScale approximately 1:1,270$c(W 0°05'20"--W 0°05'09"/N 51°30'37"--N 51°30'20").
=264  \1$a[London] :$bR. Martin & Co. Lithogrs. 26 Long Acre,$c[1821]
=300  \\$a1 plan ;$c35 x 57 cm
=336  \\$acartographic image$2rdacontent
=337  \\$aunmediated$2rdamedia
=338  \\$asheet$2rdacarrier
=500  \\$aDate from A catalogue of maps, plans and views of London, Westminster and Southwark collected and arranged by Frederick Crace, 1878.
=500  \\$aShows Old and New London Bridges with approaches. Includes elevations of the New Bridge and arches over Thames Street and Tooley Street. Upper left: No. III.
=510  4\$aCrace, John Gregory, A catalogue of maps, plans and views of London, Westminster and Southwark collected and arranged by Frederick Crace (1878),$cnumber 34, page 127
=650  \0$aCity planning$zEngland$zLondon$vMaps.
=650  \0$aBridges$zEngland$zThames River$vMaps.
=651  \0$aLondon Bridge (London, England)$vMaps.
=651  \0$aCity of London (England)$vMaps.
=651  \0$aSouthwark (London, England)$vMaps.
=651  \0$aLondon (England)$vMaps.
=655  \7$aMaps.$2fast$0(OCoLC)fst01423704
=700  1\$aCrace, Frederick,$d1779-1859,$eformer owner.
=700  1\$aCrace, John Gregory,$d1809-1889,$edonor.
=700  1\$aMartin, Robert,$d1798?-1885,$elithographer.
=852  41$aBritish Library$bMAPS$jMaps Crace Port. 17.34
=856  41$3Copy at Maps Crace Port. 17.34$uhttp://www.bl.uk/onlinegallery/onlineex/crace/other/007000000000017u00034000.html$yDigitised map
=985  \\$aRecord amended for WR1606-1727
=985  \\$aUpdated by MS generated file for WR2302-017
=CAT  \\$a12842$b40$c20130524$lBLL01$h1313
=CAT  \\$aWR13.117$c20130718$lBLL01$h1855
=CAT  \\$aW1606-1727$c20160825$lBLL01$h1742
=CAT  \\$aW2302-0174$c20230223$lBLL01$h2000
=FIN  \\$aY$d20130524
=FMT  \\$a  MP
=LAS  \\$aW2302-0174$b00$c20230223$lBLL01$h2000

