=LDR  02959cem a2200601 i 4500
=001  016417624
=003  Uk
=005  20230223161742.0
=007  aj\canzn
=008  130524s1827\\\\enk||||||\a\\\\\0\\\eng|\
=034  0\$aa$dW0000740$eW0000709$fN0513041$gN0513024
=034  0\$aa$dW0000528$eW0000501$fN0513054$gN0513029
=034  0\$aa$dW0000322$eW0000311$fN0513016$gN0513006
=040  \\$aUk$beng$cUk$dUk$erda
=042  \\$aukblsr
=082  04$a912.4212$223
=245  00$aMETROPOLIS IMPROVEMENTS.
=255  \\$aScale not given$c(W 0°07'40"--W 0°07'09"/N 51°30'41"--N 51°30'24").
=255  \\$aScale not given$c(W 0°05'28"--W 0°05'01"/N 51°30'54"--N 51°30'29").
=255  \\$aScale not given$c(W 0°03'22"--W 0°03'11"/N 51°30'16"--N 51°30'06").
=264  \1$a[London] :$bPublished by E. Mogg, No. 14, Great Russell Street, Covent Garden,$cMay 16, 1827.
=300  \\$a3 maps on 1 sheet :$bcolour ;$c21 x 35 cm or smaller
=336  \\$acartographic image$2rdacontent
=337  \\$aunmediated$2rdamedia
=338  \\$asheet$2rdacarrier
=500  \\$aContains: PLAN of the proposed CHARING CROSS & STRAND Improvements; Plan of the proposed NEW STREET from NEW LONDON BRIDGE to the BANK; Plan of the Thames Tunnel. Shows proposed development including new streets; coloured for reference. Includes descriptive note on the Thames Tunnel.
=500  \\$aImprint continues: and given GRATIS with his Plans of London. Sold separately price 2s/.
=510  4\$aCrace, John Gregory, A catalogue of maps, plans and views of London, Westminster and Southwark collected and arranged by Frederick Crace (1878),$cnumber 35, page 127
=650  \0$aCity planning$zEngland$zLondon$vMaps.
=650  \0$aUnderwater tunnels$zEngland$zThames River$vMaps.
=650  \0$aBridges$zEngland$zThames River$vMaps.
=651  \0$aLondon Bridge (London, England)$vMaps.
=651  \0$aCity of London (England)$vMaps.
=651  \0$aWestminster (London, England)$vMaps.
=651  \0$aThames Tunnel (London, England)$vMaps.
=651  \0$aLondon (England)$vMaps.
=655  \7$aMaps.$2fast$0(OCoLC)fst01423704
=700  1\$aCrace, Frederick,$d1779-1859,$eformer owner.
=700  1\$aCrace, John Gregory,$d1809-1889,$edonor.
=700  1\$aMogg, Edward,$epublisher.
=852  41$aBritish Library$bMAPS$jMaps Crace Port. 17.35
=856  41$3Copy at Maps Crace Port. 17.35$uhttp://www.bl.uk/onlinegallery/onlineex/crace/m/007000000000017u00035000.html$yDigitised map
=985  \\$aRecord amended for WR1606-1727
=985  \\$aUpdated by MS generated file for WR2302-017
=CAT  \\$a12842$b40$c20130524$lBLL01$h1412
=CAT  \\$a12842$b40$c20130524$lBLL01$h1531
=CAT  \\$aWR13.117$c20130718$lBLL01$h1855
=CAT  \\$a12842$b40$c20131012$lBLL01$h1640
=CAT  \\$aW1606-1727$c20160825$lBLL01$h1742
=CAT  \\$aW2302-0174$c20230223$lBLL01$h2000
=FIN  \\$aY$d20130524
=FMT  \\$a  MP
=LAS  \\$aW2302-0174$b00$c20230223$lBLL01$h2000

