=LDR  02974cem a2200577 i 4500
=001  016417695
=003  Uk
=005  20230223161743.0
=007  aj\canzn
=008  130524s1812\\\\enk||||||\a\\\\\0\\\eng|\
=034  1\$aa$dW0015106$eW0015210$fN0513121$gN0513016$2bound
=040  \\$aUk$beng$cUk$dUk$erda
=042  \\$aukblsr
=082  04$a912.42132$223
=245  00$aPLAN OF A NEW STREET FROM CHARING CROSS TO PORTLAND PLACE /$cJs. Basire sculp.
=255  \\$aScale not given$c(W 1°51'06"--W 1°52'10"/N 51°31'21"--N 51°30'16").
=264  \1$a[London] :$b[publisher not identified],$c1812.
=300  \\$a1 map :$bcolour ;$c53 x 36 cm
=336  \\$acartographic image$2rdacontent
=337  \\$aunmediated$2rdamedia
=338  \\$asheet$2rdacarrier
=500  \\$aShows intended new street (Regent Street) from Carlton House to Portland Place, and proposed Oxford Circus and Piccadilly Circus.
=500  \\$aTop margin: FIRST REPORT OF THE COMMISSIONERS OF HIS MAJESTY'S WOODS, FORESTS, AND LAND REVENUES.
=500  \\$aBottom margin: 189, Ordered, by the HOUSE OF LORDS, to be printed 12th June 1812.
=500  \\$aOriented with east at the top.
=510  4\$aCrace, John Gregory, A catalogue of maps, plans and views of London, Westminster and Southwark collected and arranged by Frederick Crace (1878),$cnumber 36, page 128
=520  \\$aThe lack of street planning in the West End had been lamented by the architect John Gwynn in 1766 and he had suggested a plan along similar lines to the one shown here. In 1811 Portland Place would revert to the Crown, and without a new road to decrease travelling time to the city centre, profitable development of the land was unlikely.
=650  \0$aCity planning$zEngland$zLondon$vMaps.
=651  \0$aWestminster (London, England)$vMaps.
=651  \0$aRegent Street (London, England)$xHistory$vMaps.
=651  \0$aLondon (England)$vMaps.
=655  \7$aMaps.$2fast$0(OCoLC)fst01423704
=700  1\$aCrace, Frederick,$d1779-1859,$eformer owner.
=700  1\$aCrace, John Gregory,$d1809-1889,$edonor.
=700  1\$aBasire, James,$d1769-1822,$eengraver.
=852  41$aBritish Library$bMAPS$jMaps Crace Port. 17.36
=856  41$3Copy at Maps Crace Port. 17.36$uhttp://www.bl.uk/onlinegallery/onlineex/crace/p/007000000000017u00036000.html$yDigitised map
=985  \\$aUpgraded from BL georeferencer data 2022-11-17.
=985  \\$aRecord amended for WR1606-1727
=985  \\$aUpdated by MS generated file for WR2302-017
=CAT  \\$a12842$b40$c20130524$lBLL01$h1605
=CAT  \\$a12842$b40$c20130524$lBLL01$h1623
=CAT  \\$a12842$b40$c20130524$lBLL01$h1745
=CAT  \\$aWR13.117$c20130718$lBLL01$h1855
=CAT  \\$aW1606-1727$c20160825$lBLL01$h1742
=CAT  \\$a14185$b40$c20221201$lBLL01$h1618
=CAT  \\$a14185$b40$c20221202$lBLL01$h1544
=CAT  \\$aW2302-0174$c20230223$lBLL01$h2000
=FIN  \\$aY$d20130520
=FMT  \\$a  MP
=LAS  \\$aW2302-0174$b00$c20230223$lBLL01$h2000

