=LDR  02479cem a2200541 i 4500
=001  016417701
=003  Uk
=005  20230223161743.0
=007  aj\aanzn
=008  130524s1825\\\\enk||||||\a\\\\\0\\\eng|\
=034  1\$aa$dW0015157$eW0015236$fN0513109$gN0513025$2bound
=040  \\$aUk$beng$cUk$dUk$erda
=042  \\$aukblsr
=082  04$a912.42132$223
=245  00$a[Plan of a new street from Charing Cross to Charlotte Street, Bloomsbury].
=255  \\$aScale not given$c(W 1°51'57"--W 1°52'36"/N 51°31'09"--N 51°30'25").
=264  \1$aLondon :$bPublished & sold by Henry Sawyer, 17 Church Street, Soho,$cJuly 14, 1825.
=300  \\$a1 map ;$c30 x 53 cm
=336  \\$acartographic image$2rdacontent
=337  \\$aunmediated$2rdamedia
=338  \\$asheet$2rdacarrier
=500  \\$aTitle from A catalogue of maps, plans and views of London, Westminster and Southwark collected and arranged by Frederick Crace, 1878.
=500  \\$aProposed new street shown by thick and pecked lines.
=500  \\$aOriented with east at the top.
=510  4\$aCrace, John Gregory, A catalogue of maps, plans and views of London, Westminster and Southwark collected and arranged by Frederick Crace (1878),$cnumber 37, page 128
=520  \\$aA plan of intended improvements from Charing Cross to Bedford Square.
=650  \0$aCity planning$zEngland$zLondon$vMaps.
=651  \0$aWestminster (London, England)$vMaps.
=651  \0$aBloomsbury (London, England)$vMaps.
=651  \0$aWest End (London, England)$vMaps.
=651  \0$aLondon (England)$vMaps.
=655  \7$aMaps.$2fast$0(OCoLC)fst01423704
=700  1\$aCrace, Frederick,$d1779-1859,$eformer owner.
=700  1\$aCrace, John Gregory,$d1809-1889,$edonor.
=852  41$aBritish Library$bMAPS$jMaps Crace Port. 17.37
=856  41$3Copy at Maps Crace Port. 17.37$uhttp://www.bl.uk/onlinegallery/onlineex/crace/other/007000000000017u00037000.html$yDigitised map
=985  \\$aUpgraded from BL georeferencer data 2022-11-17.
=985  \\$aRecord amended for WR1606-1727
=985  \\$aUpdated by MS generated file for WR2302-017
=CAT  \\$a12842$b40$c20130524$lBLL01$h1625
=CAT  \\$aWR13.117$c20130718$lBLL01$h1855
=CAT  \\$aW1606-1727$c20160825$lBLL01$h1742
=CAT  \\$a14185$b40$c20221201$lBLL01$h1619
=CAT  \\$a14185$b40$c20221202$lBLL01$h1544
=CAT  \\$aW2302-0174$c20230223$lBLL01$h2000
=FIN  \\$aY$d20130524
=FMT  \\$a  MP
=LAS  \\$aW2302-0174$b00$c20230223$lBLL01$h2000

