=LDR  02642cem a2200553 i 4500
=001  016417707
=003  Uk
=005  20230223161743.0
=007  aj\canzn
=008  130524s1826\\\\enk||||||\a\\\\\0\\\eng|\
=034  1\$aa$b1020$dW0015209$eW0015233$fN0513036$gN0513025$2bound
=040  \\$aUk$beng$cUk$dUk$erda
=042  \\$aukblsr
=082  04$a912.42132$223
=245  00$aPLAN OF THE Proposed Improvements at CHARING CROSS, ST. MARTIN'S LANE, AND Entrance to the Strand /$cJames Basire sculp.
=255  \\$aScale approximately 1:1,020$c(W 1°52'09"--W 1°52'33"/N 51°30'36"--N 51°30'25").
=264  \1$a[London] :$bLuke Hansard & Sons Printers,$c1826.
=300  \\$a1 map :$bcolour ;$c37 x 47 cm
=336  \\$acartographic image$2rdacontent
=337  \\$aunmediated$2rdamedia
=338  \\$asheet$2rdacarrier
=500  \\$aShows proposed development in Charing Cross area including widening of the streets; coloured for reference.
=500  \\$aTop right: Appendix No. 23. Plate III. Below plan: 368, Ordered by The HOUSE OF COMMONS, to be Printed 12th May 1826.
=510  4\$aCrace, John Gregory, A catalogue of maps, plans and views of London, Westminster and Southwark collected and arranged by Frederick Crace (1878),$cnumber 38, page 128
=520  \\$aThis plan shows the proposed sites for the National Gallery and the Royal Academy.
=650  \0$aCity planning$zEngland$zLondon$vMaps.
=651  \0$aWestminster (London, England)$vMaps.
=651  \0$aTrafalgar Square (London, England)$vMaps
=651  \0$aLondon (England)$vMaps.
=655  \7$aMaps.$2fast$0(OCoLC)fst01423704
=700  1\$aCrace, Frederick,$d1779-1859,$eformer owner.
=700  1\$aCrace, John Gregory,$d1809-1889,$edonor.
=700  1\$aBasire, James,$d1769-1822,$eengraver.
=710  2\$aLuke Hansard and Sons,$epublisher.
=710  1\$aGreat Britain.$bParliament.$bHouse of Commons.
=852  41$aBritish Library$bMAPS$jMaps Crace Port. 17.38
=856  41$3Copy at Maps Crace Port. 17.38$uhttp://www.bl.uk/onlinegallery/onlineex/crace/p/007000000000017u00038000.html$yDigitised map
=985  \\$aUpgraded from BL georeferencer data 2022-11-17.
=985  \\$aRecord amended for WR1606-1727
=985  \\$aUpdated by MS generated file for WR2302-017
=CAT  \\$a12842$b40$c20130524$lBLL01$h1706
=CAT  \\$aWR13.117$c20130718$lBLL01$h1855
=CAT  \\$aW1606-1727$c20160825$lBLL01$h1742
=CAT  \\$a14185$b40$c20221201$lBLL01$h1619
=CAT  \\$a14185$b40$c20221204$lBLL01$h1844
=CAT  \\$aW2302-0174$c20230223$lBLL01$h2000
=FIN  \\$aY$d20130524
=FMT  \\$a  MP
=LAS  \\$aW2302-0174$b00$c20230223$lBLL01$h2000

