=LDR  02674cem a2200553 i 4500
=001  016417708
=003  Uk
=005  20230223161743.0
=007  aj\canzn
=008  130524q18241829enk||||||\a\\\\\0\\\eng|\
=034  1\$aa$b2330$dW0015158$eW0015239$fN0513113$gN0513024$2bound
=040  \\$aUk$beng$cUk$dUk$erda
=042  \\$aukblsr
=082  04$a912.42132$223
=245  00$aGeneral Plan, shewing the whole line of the Proposed New Street to the British Museum.
=255  \\$aScale approximately 1:2,330$c(W 1°51'58"--W 1°52'39"/N 51°31'13"--N 51°30'24").
=264  \1$a[London] :$bIngrey & Madeley's Lithog. 310 Strand,$c[between 1824 and 1829]
=300  \\$a1 map :$bcolour ;$c37 x 59 cm
=336  \\$acartographic image$2rdacontent
=337  \\$aunmediated$2rdamedia
=338  \\$asheet$2rdacarrier
=500  \\$aDate in imprint from British map engravers, by L. Worms and A. Baynton-Williams. Charles Ingrey was in partnership with George Edward Madeley as 'Ingrey & Madeley' between 1824 and 1829.
=500  \\$aShows proposed new street from Charing Cross to Great Russel Street; coloured for reference.
=510  4\$aCrace, John Gregory, A catalogue of maps, plans and views of London, Westminster and Southwark collected and arranged by Frederick Crace (1878),$cnumber 40, page 128
=520  \\$aA plan of the proposed street running to the British Museum in Bloomsbury.
=650  \0$aCity planning$zEngland$zLondon$vMaps.
=651  \0$aWestminster (London, England)$vMaps.
=651  \0$aWest End (London, England)$vMaps.
=651  \0$aBloomsbury (London, England)$vMaps.
=651  \0$aLondon (England)$vMaps.
=655  \7$aMaps.$2fast$0(OCoLC)fst01423704
=700  1\$aCrace, Frederick,$d1779-1859,$eformer owner.
=700  1\$aCrace, John Gregory,$d1809-1889,$edonor.
=710  2\$aIngrey & Madeley (London, England),$elithographer.
=852  41$aBritish Library$bMAPS$jMaps Crace Port. 17.40
=856  41$3Copy at Maps Crace Port. 17.40$uhttp://www.bl.uk/onlinegallery/onlineex/crace/g/007000000000017u00040000.html$yDigitised map
=985  \\$aUpgraded from BL georeferencer data 2022-11-17.
=985  \\$aRecord amended for WR1606-1727
=985  \\$aUpdated by MS generated file for WR2302-017
=CAT  \\$a12842$b40$c20130524$lBLL01$h1731
=CAT  \\$a12842$b40$c20130524$lBLL01$h1732
=CAT  \\$aWR13.117$c20130718$lBLL01$h1855
=CAT  \\$aW1606-1727$c20160825$lBLL01$h1742
=CAT  \\$a14185$b40$c20221201$lBLL01$h1619
=CAT  \\$a14185$b40$c20221204$lBLL01$h1844
=CAT  \\$aW2302-0174$c20230223$lBLL01$h2000
=FIN  \\$aY$d20130524
=FMT  \\$a  MP
=LAS  \\$aW2302-0174$b00$c20230223$lBLL01$h2000

