=LDR  02737cfm a2200529 i 4500
=001  016432985
=003  Uk
=005  20230223161746.0
=007  aj\aanzn
=008  130617q1777\\\\enk||||||\a\\\\\0\\\eng|\
=034  0\$aa$dW0000548$eW0000522$fN0513059$gN0513052
=040  \\$aUk$beng$cUk$dUk$erda
=042  \\$aukblsr
=082  04$a912.4212$223
=245  00$aChrist Hospital Estate, the Paul's Head Tavern Yard.
=255  \\$aScale not given$c(W 0°05'48"--W 0°05'22"/N 51°30'59"--N 51°30'52").
=264  \0$a[London] :$b[Mercers' Company],$c[1777]
=300  \\$a1 plan ;$c18 x 29 cm
=336  \\$acartographic image$2rdacontent
=337  \\$aunmediated$2rdamedia
=338  \\$asheet$2rdacarrier
=500  \\$aPen and ink on paper.
=500  \\$aDate from A catalogue of maps, plans and views of London, Westminster and Southwark collected and arranged by Frederick Crace, 1878.
=500  \\$aDetailed plan of the Christ Hospital Estate produced for the Mercers' Company's property survey carried out in the 18th century, when the Company was facing financial difficulties. Related to two volumes of series of plans in the same style dated approximately 1740?-1792, and approximately 1821-1833 held by the Mercers' Company's Archive.
=500  \\$aIncludes notes with description of the property; measurements reported.
=500  \\$aOriented with west to the top.
=510  4\$aCrace, John Gregory, A catalogue of maps, plans and views of London, Westminster and Southwark collected and arranged by Frederick Crace (1878),$cnumber 123, page 58
=650  \0$aArchitectural drawing$zEngland$zLondon$vMaps$vEarly works to 1800.
=650  \0$aReal property$zEngland$zLondon$vMaps$vEarly works to 1800.
=651  \0$aCity of London (England)$vMaps$vEarly works to 1800.
=651  \0$aLondon (England)$vMaps$vEarly works to 1800.
=655  \7$aEarly maps.$2fast$0(OCoLC)fst01752681
=700  1\$aCrace, Frederick,$d1779-1859,$eformer owner.
=700  1\$aCrace, John Gregory,$d1809-1889,$edonor.
=710  2\$aMercers' Company (London, England),$esponsoring body.
=852  41$aBritish Library$bMAPS$jMaps Crace Port. 9.123
=856  41$3Copy at Maps Crace Port. 9.123$uhttp://www.bl.uk/onlinegallery/onlineex/crace/c/007zzz000000009u00123000.html$yDigitised map
=985  \\$aRecord amended for WR1606-1727
=985  \\$aUpdated by MS generated file for WR2302-017
=CAT  \\$a12842$b40$c20130617$lBLL01$h1522
=CAT  \\$aWR13.117$c20130718$lBLL01$h1855
=CAT  \\$a12842$b40$c20131015$lBLL01$h1657
=CAT  \\$aW1606-1727$c20160825$lBLL01$h1742
=CAT  \\$aW2302-0174$c20230223$lBLL01$h2000
=FIN  \\$aY$d20130617
=FMT  \\$a  MP
=LAS  \\$aW2302-0174$b00$c20230223$lBLL01$h2000

