=LDR  05294cfm a2200601 i 4500
=001  016433330
=003  Uk
=005  20230223161747.0
=007  aj\canzn
=008  130618m17391788enk||||||\a\\\\\0\\\eng|\
=034  0\$aa$dW0000549$eW0000522$fN0513053$gN0513048
=040  \\$aUk$beng$cUk$dUk$erda
=042  \\$aukblsr
=082  04$a912.4212$223
=100  1\$aCrace, Frederick,$d1779-1859,$ecompiler.
=245  13$a[A collection of sixteen plans of properties on Cheapside].
=255  \\$aScales differ$c(W 0°05'49"--W 0°05'22"/N 51°30'53"--N 51°30'48").
=264  \0$a[London] :$b[Mercers' Company],$c1739-1788.
=300  \\$a16 plans on 5 sheet :$bcolour ;$c37 x 31 cm or smaller, sheet 73 x 51 cm or smaller
=336  \\$acartographic image$2rdacontent
=337  \\$aunmediated$2rdamedia
=338  \\$asheet$2rdacarrier
=500  \\$aInk and pen with wash on paper with additions in pencil.
=500  \\$aDetailed plans of properties on Cheapside produced for the Mercers' Company's property survey carried out in the 18th century, when the Company was facing financial difficulties. Related to two volumes of series of plans in the same style dated approximately 1740?-1792, and approximately 1821-1833 held by the Mercers' Company's Archive.
=500  \\$aWith references to pages in 'the Book' - probably the volume from which the plans were produced. Prick-marks indicate transference of plans details. Probably working copies with amendments and annotations.
=500  \\$aPremises labelled for reference with measurements given.
=505  00$t[1 Undated plan of property on Cheapside occupied by Charles La Roche] /$rWR$g(25 x 16 cm) --$t[2 Plan of property No. 87 on Cheapside occupied by Mr. Ashurst, dated Sept. 17, 1739]$g(39 x 23 cm) --$t[3 Plan of property No. 92 on Queen Street, Cheapside, occupied by Mr. Skinner, dated July ye 7, 1740]$g(38 x 22 cm) --$t[4 Plan of property No. 108 on Cheapside occupied by Mr. Barcley]$g(20 x 14 cm) --$t[5 Plan of property on Cheapside occupied by Mr. William Smith, dated May 1771]$g(23 x 9 cm) --$t[6 Plan of property on Cheapside abutting the Mercers' Hall Yard occupied by Mr. Hill]$g(31 x 17 cm) --$t[7 Plan of property on Cheapside abutting the Mercers' Hall occupied by Mr. Heron]$g(44 x 18 cm) --$t[8 Plan of property No. 89 on Cheapside abutting the Mercers' Clerks Offices occupied by Thomas Nash, dated January 1772]$g(31 x 13 cm) --$t[9 Plan of property No. 88 on Cheapside abutting the Mercers' Hall occupied by Mrssrs Hind & Butterfield, dated Sept. 1766 and Novr. 19th, 1783] /$rIB$g(25 x 19 cm) --$t[10 Plan of property on Cheapside abutting the Mercers' Hall Yard occupied by James Stamp, dated March 1771]$g(19 x 15 cm) --$t[11 Plan of property No. 85 on Cheapside abutting the Mercers' Hall occupied by Ballantine & Cawdron, dated February 1772]$g(20 x 13 cm) --$t[12 Plan of property No. 84 on Cheapside abutting the Mercers' Hall occupied by Cornelius Denne, and later by Isaac Workey, dated Sept. 1766 and October 25th 1783] /$rIB$g(25 x 19 cm) --$t[13 Plan of property on Cheapside abutting the Mercers' School Yard occupied by late Rossiter now [illegible] Garling, dated June 1766]$g(27 x 12 cm) --$t[14 Plan of property on Cheapside abutting the Mercers' School Yard occupied by Ieremiah Gerrard, dated Sepr. 1766]$g(25 x 18 cm) --$t[15 Plan of property on Cheapside abutting the Mercers' School Yard occupied by Richard Watts, dated Octor: 1768]$g(26 x 15 cm).
=505  00$t[16 Two plans and frontal view of property on Cheapside and Pater Noster Row with explanatory notes, dated July 1788] /$rJ. Baker$g(37 x 31 cm).
=510  4\$aCrace, John Gregory, A catalogue of maps, plans and views of London, Westminster and Southwark collected and arranged by Frederick Crace (1878),$cnumber 125, page 58
=650  \0$aArchitectural drawing$zEngland$zLondon$vMaps$vEarly works to 1800.
=650  \0$aReal property$zEngland$zLondon$vMaps$vEarly works to 1800.
=651  \0$aCheapside (London, England)$vMaps$vEarly works to 1800.
=651  \0$aCity of London (England)$vMaps$vEarly works to 1800.
=651  \0$aLondon (England)$vMaps$vEarly works to 1800.
=655  \7$aEarly maps.$2fast$0(OCoLC)fst01752681
=700  1\$aCrace, Frederick,$d1779-1859,$eformer owner.
=700  1\$aCrace, John Gregory,$d1809-1889,$edonor.
=700  1\$aRobinson, William,$dactive 1748-1767,$esurveyor.$t[1] Undated plan of property on Cheapside occupied by Charles La Roche.
=700  1\$aBaker, J.,$esurveyor.
=710  2\$aMercers' Company (London, England),$esponsoring body.
=852  41$aBritish Library$bMAPS$jMaps Crace Port. 9.125.(1-16)
=856  41$3Copy at Maps Crace Port. 9.125.(1-16)$uhttp://www.bl.uk/onlinegallery/onlineex/crace/other/007zzz000000009u001250a0.html$yDigitised map
=985  \\$aRecord amended for WR1606-1727
=985  \\$aUpdated by MS generated file for WR2302-017
=CAT  \\$a12842$b40$c20130618$lBLL01$h1117
=CAT  \\$a12842$b40$c20130717$lBLL01$h1001
=CAT  \\$aWR13.117$c20130718$lBLL01$h1855
=CAT  \\$a12842$b40$c20131015$lBLL01$h1700
=CAT  \\$aW1606-1727$c20160825$lBLL01$h1742
=CAT  \\$aW2302-0174$c20230223$lBLL01$h2000
=FIN  \\$aY$d20130617
=FMT  \\$a  MP
=LAS  \\$aW2302-0174$b00$c20230223$lBLL01$h2000

