=LDR  01837 em a2200433 i 4500
=001  016435424
=003  Uk
=005  20130621113309.0
=007  aj\canzn
=008  130621s1815\\\\enk||||||\a\\\\\0\\\eng|\
=034  0\$aa
=040  \\$aUk$beng$cUk$dUk$erda
=042  \\$aukblsr
=082  04$a912.4212$223
=100  1\$aPrickett, John,$d1775-1827,$esurveyor.
=245  10$aPlan of Freehold Estate in GOLDEN LANE :$bto be Sold by Auction, BY MR. PRICKETT at the MART, LONDON, on Augst. 10th. 1815 /$cJohn Prickett, Surveyor, Highgate, Middx.
=255  \\$aScale not given.
=264  \1$a[London] :$b[publisher not identified],$c1815.
=300  \\$a1 plan :$bcolour ;$c28 x 37 cm
=336  \\$acartographic image$2rdacontent
=337  \\$aunmediated$2rdamedia
=338  \\$asheet$2rdacarrier
=500  \\$aEstate divided into lots, numbered and coloured for reference with measurements given.
=510  4\$aCrace, John Gregory, A catalogue of maps, plans and views of London, Westminster and Southwark collected and arranged by Frederick Crace (1878),$cnumber 143, page 59
=650  \0$aAuctions$zEngland$zLondon$vMaps.
=651  \0$aCity of London (England)$vMaps.
=651  \0$aLondon (England)$vMaps.
=700  1\$aCrace, Frederick,$d1779-1859,$eformer owner.
=700  1\$aCrace, John Gregory,$d1809-1889,$edonor.
=852  41$aBritish Library$bMAPS$jMaps Crace Port. 9.143
=856  41$3Copy at Maps Crace Port. 9.143$uhttp://www.bl.uk/onlinegallery/onlineex/crace/p/007zzz000000009u00143000.html$yDigitised map
=985  \\$a100=NEW
=985  \\$aRecord amended for WR1606-1727
=CAT  \\$a12842$b40$c20130621$lBLL01$h1133
=CAT  \\$aWR13.117$c20130718$lBLL01$h1855
=CAT  \\$aW1606-1727$c20160825$lBLL01$h1742
=FIN  \\$aY$d20130621
=FMT  \\$a  MP
=LAS  \\$aW1606-1727$b00$c20160825$lBLL01$h1742

