=LDR  02465cfm a2200493 i 4500
=001  016435629
=003  Uk
=005  20230223161749.0
=007  aj\canzn
=008  130621q1735\\\\enk||||||\a\\\\\0\\\eng|\
=034  0\$aa$dW0000657$eW0000647$fN0513052$gN0513041
=040  \\$aUk$beng$cUk$dUk$erda
=042  \\$aukblsr
=082  04$a912.4212$223
=100  1\$aOakley, Edward,$dactive 18th century,$esurveyor.
=245  12$aA Survey of Five Leasehold Tenements, Situated on the East side of Shier Lane in the Parish of St Dunstan, on the West in the Liberty of the Rolls /$cSurvey by E. Oakley, Archt.
=255  \\$aScale not given$c(W 0°06'57"--W 0°06'47"/N 51°30'52"--N 51°30'41").
=264  \0$a[London] :$bE. Oakley,$c1735.
=300  \\$a1 plan :$bcolour ;$c29 x 44 cm
=336  \\$acartographic image$2rdacontent
=337  \\$aunmediated$2rdamedia
=338  \\$asheet$2rdacarrier
=500  \\$aPen and ink with wash on tracing paper.
=500  \\$aTitle continues: (The Estate of the late Jno. Winlon Gent.) now the Estate of Wm. Paeyne, Who having Perchas'd it of tho [illegible] of the said Jno. Winton for 1'000 Guineas.
=500  \\$aPremises labelled for reference with occupants' names and measurements given.
=510  4\$aCrace, John Gregory, A catalogue of maps, plans and views of London, Westminster and Southwark collected and arranged by Frederick Crace (1878),$cnumber 145, page 59
=650  \0$aReal property$zEngland$zLondon$vMaps$vEarly works to 1800.
=650  \0$aArchitectural drawing$zEngland$zLondon$vMaps$vEarly works to 1800.
=651  \0$aCity of London (England)$vMaps$vEarly works to 1800.
=651  \0$aLondon (England)$vMaps$vEarly works to 1800.
=655  \7$aEarly maps.$2fast$0(OCoLC)fst01752681
=700  1\$aCrace, Frederick,$d1779-1859,$eformer owner.
=700  1\$aCrace, John Gregory,$d1809-1889,$edonor.
=852  41$aBritish Library$bMAPS$jMaps Crace Port. 9.145
=856  41$3Copy at Maps Crace Port. 9.145$uhttp://www.bl.uk/onlinegallery/onlineex/crace/a/007zzz000000009u00145000.html$yDigitised map
=985  \\$aRecord amended for WR1606-1727
=985  \\$aUpdated by MS generated file for WR2302-017
=CAT  \\$a12842$b40$c20130621$lBLL01$h1652
=CAT  \\$aWR13.117$c20130718$lBLL01$h1855
=CAT  \\$aW1606-1727$c20160825$lBLL01$h1743
=CAT  \\$aW2302-0174$c20230223$lBLL01$h2000
=FIN  \\$aY$d20130621
=FMT  \\$a  MP
=LAS  \\$aW2302-0174$b00$c20230223$lBLL01$h2000

