=LDR  02576cfm a2200529 i 4500
=001  016439921
=003  Uk
=005  20230223161750.0
=007  aj\canzn
=008  130701q1797\\\\enk||||||\a\\\\\0\\\eng|\
=034  0\$aa$dW0000610$eW0000514$fN0513041$gN0513034
=040  \\$aUk$beng$cUk$dUk$erda
=042  \\$aukblsr
=082  04$a912.4212$223
=100  1\$aCooper, John,$dactive 1761,$esurveyor.
=245  10$aPlan of THREE Houses in Thames Street and Church Alley. :$bThe Gift of Mr. Collins /$cTaken by J. Cooper 1761.
=255  \\$aScale not given$c(W 0°06'10"--W 0°05'14"/N 51°30'41"--N 51°30'34").
=264  \0$a[London] :$b[John Baker],$c[1797]
=300  \\$a1 plan :$bcolour ;$c48 x 33 cm
=336  \\$acartographic image$2rdacontent
=337  \\$aunmediated$2rdamedia
=338  \\$asheet$2rdacarrier
=500  \\$aPen and ink with wash on paper.
=500  \\$aTop left corner '7' - relates to a series of plans in the same style copied by John Baker in August 1797 from the COMPANY'S Plan Book. Prick-marks indicate transference of plan details.
=500  \\$aPremises labelled for reference with occupiers' names given.
=510  4\$aCrace, John Gregory, A catalogue of maps, plans and views of London, Westminster and Southwark collected and arranged by Frederick Crace (1878),$cnumber 161, page 60
=650  \0$aArchitectural drawing$zEngland$zLondon$vMaps$vEarly works to 1800.
=650  \0$aReal property$zEngland$zLondon$vMaps$vEarly works to 1800.
=651  \0$aCity of London (England)$vMaps$vEarly works to 1800.
=651  \0$aLondon (England)$vMaps$vEarly works to 1800.
=655  \7$aEarly maps.$2fast$0(OCoLC)fst01752681
=700  1\$aCrace, Frederick,$d1779-1859,$eformer owner.
=700  1\$aCrace, John Gregory,$d1809-1889,$edonor.
=700  1\$aBaker, John$c(Surveyor),$edraughtsman.
=710  2\$aWorshipful Company of Haberdashers (London, England),$esponsoring body.
=852  41$aBritish Library$bMAPS$jMaps Crace Port. 9.161
=856  41$3Copy at Maps Crace Port. 9.161$uhttp://www.bl.uk/onlinegallery/onlineex/crace/p/007zzz000000009u00161000.html$yDigitised map
=985  \\$aRecord amended for WR1606-1727
=985  \\$aUpdated by MS generated file for WR2302-017
=CAT  \\$a12842$b40$c20130701$lBLL01$h1643
=CAT  \\$aWR13.117$c20130718$lBLL01$h1855
=CAT  \\$a5100$b40$c20130723$lBLL01$h1640
=CAT  \\$aW1606-1727$c20160825$lBLL01$h1742
=CAT  \\$aW2302-0174$c20230223$lBLL01$h2000
=FIN  \\$aY$d20130701
=FMT  \\$a  MP
=LAS  \\$aW2302-0174$b00$c20230223$lBLL01$h2000

