=LDR  03916cfm a2200589 i 4500
=001  016444650
=003  Uk
=005  20230921162139.0
=007  aj\canzn
=008  130702k17671782enk||||||\a\\\\\0\\\eng|\
=034  0\$aa$dW0000548$eW0000526$fN0513058$gN0513053
=040  \\$aUk$beng$cUk$dUk$erda
=042  \\$aukblsr
=082  04$a912.4212$223
=100  1\$aCrace, Frederick,$d1779-1859,$ecompiler.
=245  13$a[A collection of six plans of properties on Lad Lane].
=255  \\$aScales differ$c(W 0°05'48"--W 0°05'26"/N 51°30'58"--N 51°30'53").
=264  \0$a[London] :$b[Mercers' Company],$c1767-1782.
=300  \\$a6 plans on 1 sheet :$bcolour ;$csheet 72 x 52 cm
=336  \\$acartographic image$2rdacontent
=337  \\$aunmediated$2rdamedia
=338  \\$asheet$2rdacarrier
=500  \\$aPen and ink with wash on paper with additions in pencil.
=500  \\$aDetailed plans of properties on Lad Lane produced for the Mercers' Company's property survey carried out in the 18th century, when the Company was facing financial difficulties. Related to two volumes of series of plans in the same style dated approximately 1740?-1792, and approximately 1821-1833 held by the Mercers' Company's Archive.
=500  \\$aWith references to pages in 'the Book' - probably the volume from which the plans were produced. Prick-marks indicate transference of plans details. Probably working copies with amendments and annotations.
=500  \\$aPremises labelled for reference with measurements given.
=505  00$t[1 Plan of property No. 2 on Lad Lane occupied by Mr Willet, dated April 1767. With amendments signed IB and dated June 1782]$g(25 x 11 cm) --$t[2 Plan of property on Lad Lane occupied by Mr Wakefield, late Vincent, dated April 1767. With amendments signed IB and dated 28 Septr. 82]$r(24 x 14 cm) --$t[3 Plan of property on Lad Lane occupied by Mr Wakefield, dated April 1767. With amendments signed IB and dated June 1782]$g(26 x 14 cm) --$t[4 Plan of property on Lad Lane occupied by Sr. John Cartwright, dated Augt. 1772]$g(31 x 13 cm) --$t[5 Plan of property No. 5 on Lad Lane occupied by Mr Wass, dated March 1767]$g(25 x 13 cm) --$t[6 Undated plan of property on Lad Lane occupied by Edwd. Wakefield] /$rW.R.$g(19 x 16 cm).
=510  4\$aCrace, John Gregory, A catalogue of maps, plans and views of London, Westminster and Southwark collected and arranged by Frederick Crace (1878),$cnumber 170, page 60
=650  \0$aArchitectural drawing$zEngland$zLondon$vMaps$vEarly works to 1800.
=650  \0$aReal property$zEngland$zLondon$vMaps$vEarly works to 1800.
=651  \0$aCity of London (England)$vMaps$vEarly works to 1800.
=651  \0$aLondon (England)$vMaps$vEarly works to 1800.
=655  \7$aEarly maps.$2fast$0(OCoLC)fst01752681
=700  1\$aCrace, Frederick,$d1779-1859,$eformer owner.
=700  1\$aCrace, John Gregory,$d1809-1889,$edonor.
=700  1\$aRobinson, William,$dactive 1748-1767,$esurveyor.$t[6 Undated plan of property on Lad Lane occupied by Edwd. Wakefield].
=700  1\$aBaker, John$c(Surveyor),$esurveyor.
=710  2\$aMercers' Company (London, England),$esponsoring body.
=852  41$aBritish Library$bMAPS$jMaps Crace Port. 9.170.(1-6.)
=856  41$3Copy at Maps Crace Port. 9.170.(1-6.)$uhttp://www.bl.uk/onlinegallery/onlineex/crace/other/007000000000009u001700a0.html$yDigitised map
=985  \\$aRecord amended for WR1606-1727
=985  \\$aUpdated by MS generated file for WR2302-017
=CAT  \\$a12842$b40$c20130702$lBLL01$h1725
=CAT  \\$aWR13.117$c20130718$lBLL01$h1855
=CAT  \\$a5100$b40$c20130723$lBLL01$h1639
=CAT  \\$a12842$b40$c20131016$lBLL01$h1018
=CAT  \\$aW1606-1727$c20160825$lBLL01$h1742
=CAT  \\$aW2302-0174$c20230223$lBLL01$h2000
=CAT  \\$a12842$b40$c20230921$lBLL01$h1621
=FIN  \\$aY$d20130702
=FMT  \\$a  MP
=LAS  \\$a12842$b40$c20230921$lBLL01$h1621

