=LDR  05080cfm a2200661 i 4500
=001  016452495
=003  Uk
=005  20230223161753.0
=007  aj\canzn
=008  130715k17641783enk||||||\a\\\\\0\\\eng|\
=034  0\$aa$dW0000534$eW0000531$fN0513049$gN0513045
=040  \\$aUk$beng$cUk$dUk$erda
=042  \\$aukblsr
=082  04$a912.4212$223
=100  1\$aCrace, Frederick,$d1779-1859,$ecompiler.
=245  13$a[A collection of eight plans of properties in Queen Street, Cheapside].
=255  \\$aScales differ$c(W 0°05'34"--W 0°05'31"/N 51°30'49"--N 51°30'45").
=264  \0$a[London] :$b[Mercers' Company],$c1764-1783.
=300  \\$a8 plans on 2 sheets :$bcolour ;$csheets 74 x 53 cm or smaller
=336  \\$acartographic image$2rdacontent
=337  \\$aunmediated$2rdamedia
=338  \\$asheet$2rdacarrier
=500  \\$aPen and ink with wash on paper with additions in pencil.
=500  \\$aDetailed plans of properties in Queen Street, Cheapside, produced for the Mercers' Company's property survey carried out in the 18th century, when the Company was facing financial difficulties. Related to two volumes of series of plans in the same style dated approximately 1740?-1792, and approximately 1821-1833 held by the Mercers' Company's Archive.
=500  \\$aWith references to pages in 'the Book' - probably the volume from which the plans were produced. Prick-marks indicate transference of plans details. Probably working copies with amendments and annotations.
=500  \\$aPremises labelled for reference with measurements given.
=505  00$t[1 Undated plan of property in Queen Street]$g(24 x 40 cm) --$t[2 Plan of property No. 4 in Queen Street occupied by William Wallis, dated May 1766. With annotation 'Lease planed November 18th 1783 by I. Baker']$g(24 x 20 cm) --$t[3 Plan of property in Queen Street occupied by Mr Verdier, dated October 5th, 1764]$g(17 x 15 cm) --$t[4 Plan of property in Queen Street occupied by Mr. Maltby, dated June 14, 80. With lease details and note on property's boundary] /$rIB$g(27 x 20 cm) --$t[5 Plan of property in Queen Street occupied by Edwd., Thos., Nealson, dated February 1767]$g(23 x 17 cm) --$t[6 Plan of property in Queen Street occupied by Edward Knight, dated June 1768]$g(20 x 12 cm) --$t[7 Plan of property in Queen Street occupied by David Langton, dated Feby. 1767]$g(21 x 20 cm) --$t[8 Plan of property in Queen Street occupied by Jereh. Armiger, dated June 1768]$g(20 x 12 cm).
=510  4\$aCrace, John Gregory, A catalogue of maps, plans and views of London, Westminster and Southwark collected and arranged by Frederick Crace (1878),$cnumber 198, page 61
=650  \0$aArchitectural drawing$zEngland$zLondon$vMaps$vEarly works to 1800.
=650  \0$aReal property$zEngland$zLondon$vMaps$vEarly works to 1800.
=651  \0$aCity of London (England)$vMaps$vEarly works to 1800.
=651  \0$aLondon (England)$vMaps$vEarly works to 1800.
=655  \7$aEarly maps.$2fast$0(OCoLC)fst01752681
=700  1\$aBaker, John$c(Surveyor),$esurveyor.$t[2 Plan of two properties on Milk Street East occupied by David Jenks, dated August 1768. With amendments signed IB and dated Novr. 1783].
=700  1\$aCrace, Frederick,$d1779-1859,$eformer owner.
=700  1\$aCrace, John Gregory,$d1809-1889,$edonor.
=700  1\$aBaker, John$c(Surveyor),$esurveyor.
=710  2\$aMercers' Company (London, England),$esponsoring body.
=852  41$aBritish Library$bMAPS$jMaps Crace Port. 9.198.(1-8.)
=856  41$3Copy at Maps Crace Port. 9.198.(2.)$uhttp://www.bl.uk/onlinegallery/onlineex/crace/other/007000000000009u001980b0.html$yDigitised map
=856  41$3Copy at Maps Crace Port. 9.198.(3.)$uhttp://www.bl.uk/onlinegallery/onlineex/crace/other/007000000000009u001980c0.html$yDigitised map
=856  41$3Copy at Maps Crace Port. 9.198.(4.)$uhttp://www.bl.uk/onlinegallery/onlineex/crace/other/007000000000009u001980d0.html$yDigitised map
=856  41$3Copy at Maps Crace Port. 9.198.(5.)$uhttp://www.bl.uk/onlinegallery/onlineex/crace/other/007000000000009u001980e0.html$yDigitised map
=856  41$3Copy at Maps Crace Port. 9.198.(6.)$uhttp://www.bl.uk/onlinegallery/onlineex/crace/other/007000000000009u001980f0.html$yDigitised map
=856  41$3Copy at Maps Crace Port. 9.198.(7.)$uhttp://www.bl.uk/onlinegallery/onlineex/crace/other/007000000000009u001980g0.html$yDigitised map
=856  41$3Copy at Maps Crace Port. 9.198.(8.)$uhttp://www.bl.uk/onlinegallery/onlineex/crace/other/007000000000009u001980h0.html$yDigitised map
=985  \\$aRecord amended for WR1606-1727
=985  \\$aUpdated by MS generated file for WR2302-017
=CAT  \\$a12842$b40$c20130715$lBLL01$h1512
=CAT  \\$a12842$b40$c20130717$lBLL01$h1422
=CAT  \\$a5100$b40$c20130723$lBLL01$h1640
=CAT  \\$a5100$b40$c20130723$lBLL01$h1648
=CAT  \\$aWR13.117$c20130728$lBLL01$h1331
=CAT  \\$aW1606-1727$c20160825$lBLL01$h1742
=CAT  \\$aW2302-0174$c20230223$lBLL01$h2000
=FIN  \\$aY$d20130715
=FMT  \\$a  MP
=LAS  \\$aW2302-0174$b00$c20230223$lBLL01$h2000

