=LDR  03620cfm a2200553 i 4500
=001  016453024
=003  Uk
=005  20230223161754.0
=007  aj\canzn
=008  130716k17391769enk||||||\a\\\\\0\\\eng|\
=034  0\$aa$dW0000449$eW0000428$fN0513036$gN0513032
=040  \\$aUk$beng$cUk$dUk$erda
=042  \\$aukblsr
=082  04$a912.4212$223
=100  1\$aCrace, Frederick,$d1779-1859,$ecompiler.
=245  13$a[A collection of six plans of properties in Tower Hill].
=255  \\$aScales differ$c(W 0°04'49"--W 0°04'28"/N 51°30'36"--N 51°30'32").
=264  \0$a[London] :$b[Mercers' Company],$c1739-1769.
=300  \\$a6 plans on 1 sheet :$bcolour ;$csheet 72 x 52 cm
=336  \\$acartographic image$2rdacontent
=337  \\$aunmediated$2rdamedia
=338  \\$asheet$2rdacarrier
=500  \\$aPen and ink with wash on paper.
=500  \\$aDetailed plans of properties in Tower Hill East produced for the Mercers' Company's property survey carried out in the 18th century, when the Company was facing financial difficulties. Related to two volumes of series of plans in the same style dated approximately 1740?-1792, and approximately 1821-1833 held by the Mercers' Company's Archive.
=500  \\$aWith references to pages in 'the Book' - probably the volume from which the plans were produced. Prick-marks indicate transference of plans details. Probably working copies with amendments and annotations.
=500  \\$aPremises labelled for reference with measurements given.
=505  00$t[1 Plan of property in Tower Hill occupied by Mr Norton, dated Sep., 1768]$g(24 x 11 cm) --$t[2 Plan of property in Tower Hill occupied by Mr Alix, dated Nov. 12, 1739]$g(35 x 18 cm) --$t[3 Plan of property in Tower Hill occupied by Mr Hill, dated Jany. 1769]$g(24 x 13 cm) --$t[4 Undated plan of property in Tower Hill occupied by Slingsby Bethell Esqr.] /$rWm. Robinson$g(26 x 20 cm) --$t[5 Plan of property in Tower Hill occupied by Richd. Roman, dated Augst. 1768]$g(21 x 15 cm) --$t[6 Plan of property in Tower Hill occupied by Ino. Woodbridge, dated October 1768]$g(22 x 13 cm).
=510  4\$aCrace, John Gregory, A catalogue of maps, plans and views of London, Westminster and Southwark collected and arranged by Frederick Crace (1878),$cnumber 207, page 62
=650  \0$aArchitectural drawing$zEngland$zLondon$vMaps$vEarly works to 1800.
=650  \0$aReal property$zEngland$zLondon$vMaps$vEarly works to 1800.
=651  \0$aCity of London (England)$vMaps$vEarly works to 1800.
=651  \0$aLondon (England)$vMaps$vEarly works to 1800.
=655  \7$aEarly maps.$2fast$0(OCoLC)fst01752681
=700  1\$aCrace, Frederick,$d1779-1859,$eformer owner.
=700  1\$aCrace, John Gregory,$d1809-1889,$edonor.
=700  1\$aRobinson, William,$dactive 1748-1767,$esurveyor.$t[4 Undated plan of property in Tower Hill occupied by Slingsby Bethell Esqr.].
=710  2\$aMercers' Company (London, England),$esponsoring body.
=852  41$aBritish Library$bMAPS$jMaps Crace Port. 9.207.(1-6.)
=856  41$3Copy at Maps Crace Port. 9.207.(1-6.)$uhttp://www.bl.uk/onlinegallery/onlineex/crace/other/007000000000009u002070a0.html$yDigitised map
=985  \\$aRecord amended for WR1606-1727
=985  \\$aUpdated by MS generated file for WR2302-017
=CAT  \\$a12842$b40$c20130716$lBLL01$h1621
=CAT  \\$a12842$b40$c20131016$lBLL01$h1036
=CAT  \\$a12842$b40$c20140121$lBLL01$h1547
=CAT  \\$aW1606-1727$c20160825$lBLL01$h1742
=CAT  \\$aW2302-0174$c20230223$lBLL01$h2000
=FIN  \\$aY$d20130716
=FMT  \\$a  MP
=LAS  \\$aW2302-0174$b00$c20230223$lBLL01$h2000

