=LDR  03675cfm a2200577 i 4500
=001  016454760
=003  Uk
=005  20230223161754.0
=007  aj\canzn
=008  130717k17331772enk||||||\a\\\\\0\\\eng|\
=034  0\$aa$dW0000459$eW0000449$fN0513038$gN0513034
=040  \\$aUk$beng$cUk$dUk$erda
=042  \\$aukblsr
=082  04$a912.4212$223
=100  1\$aCrace, Frederick,$d1779-1859,$ecompiler.
=245  13$a[A collection of six plans of properties in Tower Street].
=255  \\$aScales differ$c(W 0°04'59"--W 0°04'49"/N 51°30'38"--N 51°30'34").
=264  \0$a[London] :$b[Mercers' Company],$c1733-1772.
=300  \\$a6 plans on 2 sheets :$bcolour ;$csheets 72 x 52 cm
=336  \\$acartographic image$2rdacontent
=337  \\$aunmediated$2rdamedia
=338  \\$asheet$2rdacarrier
=500  \\$aPen and ink with wash on paper.
=500  \\$aDetailed plans of properties in Tower Street produced for the Mercers' Company's property survey carried out in the 18th century, when the Company was facing financial difficulties. Related to two volumes of series of plans in the same style dated approximately 1740?-1792, and approximately 1821-1833 held by the Mercers' Company's Archive.
=500  \\$aPrick-marks indicate transference of plans details. Probably working copies with amendments and annotations.
=500  \\$aPremises labelled for reference with measurements given.
=505  00$t[1 Plan of property in Tower Street North occupied by Mr Burch, dated Aug., 25, 1738]$g(35 x 18 cm) --$t[2 Plan of property in Tower Street South occupied by Mr Ionathan Isaack, and later by Matthew Robinson, dated Janry. ye 7, 1733/4. With annotation dated Septr. 29th 1779 and signed by IB]$g(32 x 20 cm) --$t[3 Undated plan of property in Tower Street]$g(47 x 35 cm) --$t[4 Plan of properties in Mercers Court, Tower Street South, dated May, 1772] /$rIB$g(28 x 19 cm) --$t[5 Plan of property in Tower Street South occupied by Mr Wheatly, dated Aug., 3, 1739. With annotation dated Septr. 28th 1779 and signed by IB]$g(25 x 20 cm) --$t[6 Plan of property in Tower Street North occupied by Mr Parry, dated Decr. 1769]$g(18 x 12 cm).
=510  4\$aCrace, John Gregory, A catalogue of maps, plans and views of London, Westminster and Southwark collected and arranged by Frederick Crace (1878),$cnumber 208, page 62
=650  \0$aArchitectural drawing$zEngland$zLondon$vMaps$vEarly works to 1800.
=650  \0$aReal property$zEngland$zLondon$vMaps$vEarly works to 1800.
=651  \0$aCity of London (England)$vMaps$vEarly works to 1800.
=651  \0$aLondon (England)$vMaps$vEarly works to 1800.
=655  \7$aEarly maps.$2fast$0(OCoLC)fst01752681
=700  1\$aCrace, Frederick,$d1779-1859,$eformer owner.
=700  1\$aCrace, John Gregory,$d1809-1889,$edonor.
=700  1\$aBaker, John$c(Surveyor),$esurveyor.
=710  2\$aMercers' Company (London, England),$esponsoring body.
=852  41$aBritish Library$bMAPS$jMaps Crace Port. 9.208.(1-6.)
=856  41$3Copy at Maps Crace Port. 9.208.(1-6.)$uhttp://www.bl.uk/onlinegallery/onlineex/crace/other/007000000000009u002080a0.html$yDigitised map
=985  \\$aRecord amended for WR1606-1727
=985  \\$aUpdated by MS generated file for WR2302-017
=CAT  \\$a12842$b40$c20130717$lBLL01$h1054
=CAT  \\$a12842$b40$c20130717$lBLL01$h1055
=CAT  \\$a5100$b40$c20130723$lBLL01$h1639
=CAT  \\$a12842$b40$c20131016$lBLL01$h1038
=CAT  \\$a12842$b40$c20140121$lBLL01$h1547
=CAT  \\$aW1606-1727$c20160825$lBLL01$h1743
=CAT  \\$aW2302-0174$c20230223$lBLL01$h2000
=FIN  \\$aY$d20130718
=FMT  \\$a  MP
=LAS  \\$aW2302-0174$b00$c20230223$lBLL01$h2000

