=LDR  01919 fm a2200433 i 4500
=001  016454784
=003  Uk
=005  20130717112329.0
=007  aj\aanzn
=008  130717s1806\\\\enk||||||\a\\\\\0\\\eng|\
=034  0\$aa$dW0000446$eW0000420$fN0513126$gN0513115
=040  \\$aUk$beng$cUk$dUk$erda
=042  \\$aukblsr
=082  04$a912.42144$223
=245  00$aPlan of Houses in Webb Square, Shoreditch, let to Messrs King and Williams :$btaken Apr. 17th 1806 /$cJC.
=255  \\$aScale not given$c(W 0°04'46"--W 0°04'20"/N 51°31'26"--N 51°31'15").
=264  \0$a[London] :$bJC,$cApr. 17th 1806.
=300  \\$a1 plan ;$c20 x 14 cm
=336  \\$acartographic image$2rdacontent
=337  \\$aunmediated$2rdamedia
=338  \\$asheet$2rdacarrier
=500  \\$aIncluded in the Crace Collection but not listed in the Catalogue of maps, plans and views of London, Westminster and Southwark collected and arranged by Frederick Crace, published in 1878.
=500  \\$aPen and ink on paper.
=500  \\$aProperties labelled and lettered for reference with occupiers' names and measurements reported.
=650  \0$aArchitectural drawing$zEngland$zLondon$vMaps.
=650  \0$aReal property$zEngland$zLondon$vMaps.
=651  \0$aShoreditch (London, England)$vMaps.
=651  \0$aLondon (England)$vMaps.
=700  1\$aCrace, Frederick,$d1779-1859,$eformer owner.
=700  1\$aCrace, John Gregory,$d1809-1889,$edonor.
=852  41$aBritish Library$bMAPS$jMaps Crace Port. 9.189.(2.)
=856  41$3Copy at Maps Crace Port. 9.189.(2.)$uhttp://www.bl.uk/onlinegallery/onlineex/crace/p/007000000000009u00189000.html$yDigitised map
=985  \\$aRecord amended for WR1606-1727
=CAT  \\$a12842$b40$c20130717$lBLL01$h1123
=CAT  \\$aWR13.117$c20130728$lBLL01$h1331
=CAT  \\$aW1606-1727$c20160825$lBLL01$h1742
=FIN  \\$aY$d20130717
=FMT  \\$a  MP
=LAS  \\$aW1606-1727$b00$c20160825$lBLL01$h1742

