=LDR  03991cfm a2200553 i 4500
=001  016454837
=003  Uk
=005  20230223161754.0
=007  aj\canzn
=008  130717k17381770enk||||||\a\\\\\0\\\eng|\
=034  0\$aa$dW0000546$eW0000532$fN0513048$gN0513045
=040  \\$aUk$beng$cUk$dUk$erda
=042  \\$aukblsr
=082  04$a912.4212$223
=100  1\$aCrace, Frederick,$d1779-1859,$ecompiler.
=245  10$a[A collection of five plans of properties on Watling Street].
=255  \\$aScales differ$c(W 0°05'46"--W 0°05'32"/N 51°30'48"--N 51°30'45").
=264  \0$a[London] :$b[Mercers' Company],$c1738-1770.
=300  \\$a5 plans on 2 sheets :$bcolour ;$csheets 72 x 52 cm
=336  \\$acartographic image$2rdacontent
=337  \\$aunmediated$2rdamedia
=338  \\$asheet$2rdacarrier
=500  \\$aPen and ink with wash on paper.
=500  \\$aDetailed plans of properties on Watling Street produced for the Mercers' Company's property survey carried out in the 18th century, when the Company was facing financial difficulties. Related to two volumes of series of plans in the same style dated approximately 1740?-1792, and approximately 1821-1833 held by the Mercers' Company's Archive.
=500  \\$aWith references to pages in 'the Book' - probably the volume from which the plans were produced. Prick-marks indicate transference of plans details. Probably working copies with amendments and annotations.
=500  \\$aPremises coloured and labelled for reference with measurements given.
=505  00$t[1 Plan of properties on Watling Street, occupied by Mr Jos. Locker and Mr Vowell, dated July ye 27, 1738]$g(38 x 31 cm) --$t[2 Plan and description of property on Watling Street belonging to the Worshipful Company of Mercers and the Christ Hospital, viewed and measured in Jany 1756 Febry. 12th 1756] /$rby Wm. Robinson for the Worshipful Company of Mercers and Matt. Hillyard for the Worshipful Governors of Christ Hospital$g(on 2 sheets; 20 x 17 cm or smaller) --$t[3 Plan of ground on Watling Street North and Queen Street West. With a description of the property and rent details dated 1739]$g(33 x 26 cm) --$t[4 Plan of property on Watling Street North, occupied by Thomas Littler, dated Septemr. 1769]$g(24 x 18 cm) --$t[5 Plan of property on Watling Street South, occupied by Lake Young, dated March 1770]$g(20 x 16 cm).
=510  4\$aCrace, John Gregory, A catalogue of maps, plans and views of London, Westminster and Southwark collected and arranged by Frederick Crace (1878),$cnumber 210, page 62
=650  \0$aArchitectural drawing$zEngland$zLondon$vMaps$vEarly works to 1800.
=650  \0$aReal property$zEngland$zLondon$vMaps$vEarly works to 1800.
=651  \0$aCity of London (England)$vMaps$vEarly works to 1800.
=651  \0$aLondon (England)$vMaps$vEarly works to 1800.
=655  \7$aEarly maps.$2fast$0(OCoLC)fst01752681
=700  1\$aCrace, Frederick,$d1779-1859,$eformer owner.
=700  1\$aCrace, John Gregory,$d1809-1889,$edonor.
=700  1\$aRobinson, William,$dactive 1748-1767,$esurveyor.$t[2 Plan and text with description of property on Watling Street belonging to the Worshipful Company of Mercers and the Christ Hospital, viewed and measured in Jany 1756 Febry. 12th 1756].
=710  2\$aMercers' Company (London, England),$esponsoring body.
=852  41$aBritish Library$bMAPS$jMaps Crace Port. 9.210.(1-5.)
=856  41$3Copy at Maps Crace Port. 9.210.(1-5.)$uhttp://www.bl.uk/onlinegallery/onlineex/crace/other/007000000000009u00210001.html$yDigitised map
=985  \\$aRecord amended for WR1606-1727
=985  \\$aUpdated by MS generated file for WR2302-017
=CAT  \\$a12842$b40$c20130717$lBLL01$h1207
=CAT  \\$a6550$b40$c20140722$lBLL01$h1054
=CAT  \\$aW1606-1727$c20160825$lBLL01$h1743
=CAT  \\$a12842$b40$c20221207$lBLL01$h1445
=CAT  \\$aW2302-0174$c20230223$lBLL01$h2000
=FIN  \\$aY$d20130717
=FMT  \\$a  MP
=LAS  \\$aW2302-0174$b00$c20230223$lBLL01$h2000

