=LDR  03879cem a2200565 i 4500
=001  016455403
=003  Uk
=005  20230223161754.0
=007  aj\canzn
=008  130718q1843\\\\enk||||||\a\\\\\0\\\eng|\
=034  1\$aa$b8000$dW0015404$eE0000039$fN0513443$gN0512850$2bound
=040  \\$aUk$beng$cUk$dUk$erda
=042  \\$aukblsr
=082  04$a912.4215$223
=100  1\$aBeek, James,$dactive 1816-1843,$esurveyor.
=245  10$aPlan of the TOWER HAMLETS, Comprehending the various Alterations and Improvements TO THE YEAR 1843, FROM ACTUAL SURVEY, :$bShewing the whole of the Division under the Jurisdiction of the Commissioners of Sewers for the Tower Hamlets. /$cJames Beek, Surveyor to the Commission.
=255  \\$aScale approximately 1:8,000$c(W 1°54'04"--E 0°0'39"/N 51°34'43"--N 51°28'50").
=264  \1$aLondon :$bStandidge &Co Litho.,$c1843.
=300  \\$a1 map on 6 sheets :$bcolour ;$c164 x 98 cm, on sheets 98 x 66 cm or smaller
=336  \\$acartographic image$2rdacontent
=337  \\$aunmediated$2rdamedia
=338  \\$asheet$2rdacarrier
=500  \\$aSewers shown in red.
=500  \\$aAnother copy at Maps Crace Port. 18.7.(2.).
=510  4\$aCrace, John Gregory, A catalogue of maps, plans and views of London, Westminster and Southwark collected and arranged by Frederick Crace (1878),$cnumber 7, page 133
=520  \\$aFrom 1807, the East End was supplied with water pumped from the River Lea at Bow by the East London Waterworks Company. This was not, however, the continuous flow of water we take for granted today. Dr John Simon wrote, in 1849, of the thousands who 'wholly depend on their power of attending at some fixed hour of the day, pail in hand, beside the nearest stand-cock; where, with their neighbours, they wait their turn; sometimes not without a struggle, during the tedious dribbling of a single small pipe. Household rubbish was piled into heaps in the street and outdoor toilets drained into cesspits. The survey of sanitation in Bethnal Green made by Hector Gavin in 1848 paints a sorry picture. Knightly Court was typical of the streets he visited: 'In it there are two privies in a beastly state, full, and the contents overflowing into the court. There is one dust reservoir. One stand-tap supplies the seven houses; two cases of severe typhus lately occurred here, one died. ' This map of 1843 shows the distribution of sewers through the East End. They carried only surface water, contaminated with decayed rubbish from the streets and excrement from overflowing cesspits, and discharged it directly into the Thames - from which water companies pumped their drinking water.
=650  \0$aSewerage$zEngland$zLondon$vMaps.
=651  \0$aTower Hamlets (London, England)$vMaps.
=651  \0$aEast End (London, England)$vMaps.
=651  \0$aLondon (England)$vMaps.
=655  \7$aMaps.$2fast$0(OCoLC)fst01423704
=700  1\$aCrace, Frederick,$d1779-1859,$eformer owner.
=700  1\$aCrace, John Gregory,$d1809-1889,$edonor.
=710  2\$aStandidge & Co.,$elithographer.
=852  41$aBritish Library$bMAPS$jMaps Crace Port. 18.7.(1.)
=856  41$3Copy at Maps Crace Port. 18.7.(1.)$uhttp://www.bl.uk/onlinegallery/onlineex/crace/p/007zzz000000018u000070a0.html$yDigitised map
=985  \\$aUpgraded from BL georeferencer data 2022-11-17.
=985  \\$a100=NEW
=985  \\$aRecord amended for WR1606-1727
=985  \\$aUpdated by MS generated file for WR2302-017
=CAT  \\$a12842$b40$c20130718$lBLL01$h1505
=CAT  \\$aWR13.117$c20130728$lBLL01$h1331
=CAT  \\$a12842$b40$c20131012$lBLL01$h1650
=CAT  \\$aW1606-1727$c20160825$lBLL01$h1742
=CAT  \\$a14185$b40$c20221201$lBLL01$h1736
=CAT  \\$a14185$b40$c20221204$lBLL01$h1847
=CAT  \\$aW2302-0174$c20230223$lBLL01$h2000
=FIN  \\$aY$d20130520
=FMT  \\$a  MP
=LAS  \\$aW2302-0174$b00$c20230223$lBLL01$h2000

