=LDR  02586cem a2200541 i 4500
=001  016455905
=003  Uk
=005  20230223161755.0
=007  aj\aanzn
=008  130719s1847\\\\enk||||||\a\\\\\0\\\eng|\
=034  1\$aa$b2460$dW0000848$eW0000805$fN0513125$gN0513050
=040  \\$aUk$beng$cUk$dUk$erda
=042  \\$aukblsr
=082  04$a912.42132$223
=100  1\$aPhillips, John,$dactive 1846-1848,$esurveyor.
=245  10$aPLAN FOR THE IMPROVEMENT OF THE SEWERAGE OF A PART OF THE Parish of St. Marylebone Eastwards of PORTLAND PLACE & REGENT STREET /$cJohn Phillips, Surveyor. Sewers, Westminster, 9th April, 1847.
=255  \\$aScale approximately 1:2,460$c(W 0°08'48"--W 0°08'05"/N 51°31'25"--N 51°30'50").
=264  \1$a[London] :$bDay & Son, Lithrs. to the Queen,$c1847.
=300  \\$a1 map ;$c59 x 52 cm
=336  \\$acartographic image$2rdacontent
=337  \\$aunmediated$2rdamedia
=338  \\$asheet$2rdacarrier
=500  \\$aIncludes longitudinal sections of parts of the parish and vertical sections of the main and collateral sewage pipes being laid down.
=510  4\$aCrace, John Gregory, A catalogue of maps, plans and views of London, Westminster and Southwark collected and arranged by Frederick Crace (1878),$cnumber 12, page 133
=510  4\$aBendall, Sarah. Dictionary of land surveyors and local map-makers of Great Britain and Ireland (1997),$b1530-1850,$cnumber P200, page 406
=650  \0$aSewerage$zEngland$zLondon$vMaps.
=650  \0$aCity planning$zEngland$zLondon$vMaps.
=651  \0$aMarylebone (London, England)$vMaps.
=651  \0$aWestminster (London, England)$vMaps.
=651  \0$aLondon (England)$vMaps.
=655  \7$aMaps.$2fast$0(OCoLC)fst01423704
=700  1\$aCrace, Frederick,$d1779-1859,$eformer owner.
=700  1\$aCrace, John Gregory,$d1809-1889,$edonor.
=710  2\$aDay & Son,$elithographer.
=852  41$aBritish Library$bMAPS$jMaps Crace Port. 18.12
=856  41$3Copy at Maps Crace Port. 18.12$uhttp://www.bl.uk/onlinegallery/onlineex/crace/p/007000000000018u00012000.html$yDigitised map
=985  \\$a100=NEW
=985  \\$aRecord amended for WR1606-1727
=985  \\$aUpdated by MS generated file for WR2302-017
=CAT  \\$a12842$b40$c20130719$lBLL01$h1426
=CAT  \\$a12842$b40$c20130719$lBLL01$h1427
=CAT  \\$aWR13.117$c20130728$lBLL01$h1331
=CAT  \\$a12842$b40$c20131022$lBLL01$h1425
=CAT  \\$aW1606-1727$c20160825$lBLL01$h1742
=CAT  \\$aW2302-0174$c20230223$lBLL01$h2000
=FIN  \\$aY$d20130719
=FMT  \\$a  MP
=LAS  \\$aW2302-0174$b00$c20230223$lBLL01$h2000

