=LDR  02478cem a2200517 i 4500
=001  016455937
=003  Uk
=005  20230223161755.0
=007  aj\aanzn
=008  130719s1844\\\\enk||||||\a\\\\\0\\\eng|\
=034  0\$aa$dW0000739$eW0000716$fN0513110$gN0513023
=040  \\$aUk$beng$cUk$dUk$erda
=042  \\$aukblsr
=082  04$a912.42132$223
=245  00$aLONGITUDINAL SECTION From the SAVOY WHARF to GREAT RUSSELL STREET, BLOOMSBURY, Shewing Levels of Present Sewers and Proposed NEW LINE of SEWER. :$bAccompanying Surveyor's Report of 11th June, 1844 /$cSewer's Office for Westminster, &c.
=255  \\$aScale not given$c(W 0°07'39"--W 0°07'16"/N 51°31'10"--N 51°30'23").
=264  \1$a[London] :$bJ. Smith, lith., 49 Long Acre,$c1844.
=300  \\$a1 plan ;$c30 x 53 cm
=336  \\$acartographic image$2rdacontent
=337  \\$aunmediated$2rdamedia
=338  \\$asheet$2rdacarrier
=500  \\$aMeasurements reported. Lettered with references to the plan issued with Surveyor's Report of 11th June. Copy of plan at Maps Crace Port. 18.14.
=510  4\$aCrace, John Gregory, A catalogue of maps, plans and views of London, Westminster and Southwark collected and arranged by Frederick Crace (1878),$cnumber 13, page 134
=650  \0$aSewerage$zEngland$zLondon$vMaps.
=650  \0$aCity planning$zEngland$zLondon$vMaps.
=651  \0$aBloomsbury (London, England)$vMaps.
=651  \0$aWestminster (London, England)$vMaps.
=651  \0$aLondon (England)$vMaps.
=655  \7$aMaps.$2fast$0(OCoLC)fst01423704
=700  1\$aCrace, Frederick,$d1779-1859,$eformer owner.
=700  1\$aCrace, John Gregory,$d1809-1889,$edonor.
=700  1\$aSmith, J.$q(John),$dactive 1832-1846,$elithographer.
=852  41$aBritish Library$bMAPS$jMaps Crace Port. 18.13
=856  41$3Copy at Maps Crace Port. 18.13$uhttp://www.bl.uk/onlinegallery/onlineex/crace/l/007000000000018u00013000.html$yDigitised map
=985  \\$aUpgraded by BSS-generated file for WR1910-0531
=985  \\$aUpdated by MS generated file for WR2302-017
=CAT  \\$a12842$b40$c20130719$lBLL01$h1500
=CAT  \\$a12842$b40$c20130719$lBLL01$h1513
=CAT  \\$aWR13.117$c20130728$lBLL01$h1331
=CAT  \\$a12842$b40$c20131022$lBLL01$h1425
=CAT  \\$aW1606-1727$c20160825$lBLL01$h1742
=CAT  \\$aW1910-0531$b00$c20191108$lBLL01$h1813
=CAT  \\$aW2302-0174$c20230223$lBLL01$h2000
=FIN  \\$aY$d20130719
=FMT  \\$a  MP
=LAS  \\$aW2302-0174$b00$c20230223$lBLL01$h2000

