=LDR  02517cem a2200517 i 4500
=001  016460261
=003  Uk
=005  20230223161756.0
=007  aj\aanzn
=008  130729s1740\\\\enk||||||\a\\\\\0\\\eng|\
=034  1\$aa$b65000$dW0000749$eE0002429$fN0513116$gN0512623
=040  \\$aUk$beng$cUk$dUk$erda
=042  \\$aukblsr
=082  04$a912.421$223
=100  1\$aPine, John,$d1690-1756,$eengraver,$epublisher.
=245  10$aTHAMESIS DESCRIPTIO Anno 1588. :$bRoberto Adamo authore. Engrav'd from a Copy drawn by Mr. Joseph Ames the 8th of April 1738, from the Original in Parchment /$cEngrav'd and Published by J. Pine.
=255  \\$aScale approximately 1:65,000$c(W 0°07'49"--E 0°24'29"/N 51°31'16"--N 51°26'23").
=264  \1$a[London] :$bPublished by J. Pine,$cMarch 25, 1740.
=300  \\$a1 map ;$c15 x 63 cm
=336  \\$acartographic image$2rdacontent
=337  \\$aunmediated$2rdamedia
=338  \\$asheet$2rdacarrier
=500  \\$aOriented with south at the top.
=500  \\$aNote below scale: *He is the Author of a Book intitled Expeditionis Hispanorum in Angliam vera descriptio A.D. 1588 from which the Hangings of ye House of Lords were design'd.
=500  \\$aBridges and buildings shown pictorially.
=510  4\$aCrace, John Gregory, A catalogue of maps, plans and views of London, Westminster and Southwark collected and arranged by Frederick Crace (1878),$cnumber 17, page 134
=650  \0$aRivers$zEngland$zLondon$vMaps$vEarly works to 1800.
=651  \0$aThames River (England)$vMaps$vEarly works to 1800.
=651  \0$aLondon (England)$vMaps$vEarly works to 1800.
=655  \7$aEarly maps.$2fast$0(OCoLC)fst01752681
=700  1\$aCrace, Frederick,$d1779-1859,$eformer owner.
=700  1\$aCrace, John Gregory,$d1809-1889,$edonor.
=700  1\$aAdams, Robert,$d-1595.
=700  1\$aAmes, Joseph,$d1689-1759,$edraughtsman.
=852  41$aBritish Library$bMAPS$jMaps Crace Port. 18.17
=856  41$3Copy at Maps Crace Port. 18.17$uhttp://www.bl.uk/onlinegallery/onlineex/crace/t/007000000000018u00017000.html$yDigitised map
=985  \\$aRecord amended for WR1606-1727
=985  \\$aUpdated by MS generated file for WR2302-017
=CAT  \\$a12842$b40$c20130729$lBLL01$h1453
=CAT  \\$a12819$b40$c20131213$lBLL01$h1731
=CAT  \\$a12819$b40$c20131213$lBLL01$h1733
=CAT  \\$aW1606-1727$c20160825$lBLL01$h1742
=CAT  \\$aW2302-0174$c20230223$lBLL01$h2000
=FIN  \\$aY$d20130729
=FMT  \\$a  MP
=LAS  \\$aW2302-0174$b00$c20230223$lBLL01$h2000

