=LDR  02635cfm a2200541 i 4500
=001  016460281
=003  Uk
=005  20230223161756.0
=007  aj\canzn
=008  130729s1737\\\\enk||||||\a\\\\\0\\\eng|\
=034  1\$aa$b3500$dW0000749$eW0000658$fN0513028$gN0512929
=040  \\$aUk$beng$cUk$dUk$erda
=042  \\$aukblsr
=082  04$a912.42132$223
=100  1\$aMitchell, John,$dactive 1737,$ecartographer.
=245  12$aA Survey of the RIVER THAMES from York Stairs to Westminster Horse Ferry, shewing the Depths of Water at the common Ebbs, w.th the Setting of the Tides. /$cby Capt. John Mitchell.
=255  \\$aScale approximately 1:3,500$c(W 0°07'49"--W 0°06'58"/N 51°30'28"--N 51°29'29").
=264  \0$a[London] :$bCapt. John Mitchell,$cFebr. 22, 1737/8.
=300  \\$a1 map :$bcolour ;$c21 x 56 cm
=336  \\$acartographic image$2rdacontent
=337  \\$aunmediated$2rdamedia
=338  \\$asheet$2rdacarrier
=500  \\$aPen and ink with wash on paper.
=500  \\$aOriented with east at the top.
=500  \\$aDepths shown by soundings. Lettered for reference with explanation note at the upper right.
=510  4\$aBendall, Sarah. Dictionary of land surveyors and local map-makers of Great Britain and Ireland (1997),$b1530-1850,$cnumber M388, page 356
=510  4\$aCrace, John Gregory, A catalogue of maps, plans and views of London, Westminster and Southwark collected and arranged by Frederick Crace (1878),$cnumber 18, page 134
=650  \0$aRivers$zEngland$zLondon$vMaps$vEarly works to 1800.
=651  \0$aThames River (England)$xNavigation$vMaps$vEarly works to 1800.
=651  \0$aWestminster (London, England)$vMaps$vEarly works to 1800.
=651  \0$aLondon (England)$vMaps$vEarly works to 1800.
=655  \7$aEarly maps.$2fast$0(OCoLC)fst01752681
=700  1\$aCrace, Frederick,$d1779-1859,$eformer owner.
=700  1\$aCrace, John Gregory,$d1809-1889,$edonor.
=852  41$aBritish Library$bMAPS$jMaps Crace Port. 18.18
=856  41$3Copy at Maps Crace Port. 18.18$uhttp://www.bl.uk/onlinegallery/onlineex/crace/a/007000000000018u00018000.html$yDigitised map
=985  \\$a100=NEW
=985  \\$aRecord amended for WR1606-1727
=985  \\$aUpdated by MS generated file for WR2302-017
=CAT  \\$a12842$b40$c20130729$lBLL01$h1528
=CAT  \\$a12842$b40$c20130729$lBLL01$h1529
=CAT  \\$a12842$b40$c20130730$lBLL01$h1513
=CAT  \\$a12819$b40$c20131213$lBLL01$h1734
=CAT  \\$aW1606-1727$c20160825$lBLL01$h1743
=CAT  \\$aW2302-0174$c20230223$lBLL01$h2000
=FIN  \\$aY$d20130729
=FMT  \\$a  MP
=LAS  \\$aW2302-0174$b00$c20230223$lBLL01$h2000

