=LDR  02498cem a2200529 i 4500
=001  016460301
=003  Uk
=005  20230223161756.0
=007  aj\aanzn
=008  130729s1796\\\\enk||||||\a\\\\\0\\\eng|\
=034  1\$aa$b10000$dW0000419$eE0000013$fN0513038$gN0512849
=040  \\$aUk$beng$cUk$dUk$erda
=042  \\$aukblsr
=082  04$a912.4215$223
=082  04$a912.42162$223
=110  2\$aTrinity House (London, England)
=245  10$aPlan of the RIVER THAMES, from the TOWER to BLACKWALL :$btaken by the Corporation of the TRINITY HOUSE, in the Year 1750 /$cEngraved by S. Neele, 352 Strand.
=255  \\$aScale approximately 1:10,000$c(W 0°04'19"--E 0°00'13"/N 51°30'38"--N 51°28'49").
=264  \1$a[London] :$bPublished I. Stockdale, Piccadilly,$cApril 26, 1796.
=300  \\$a1 map ;$c28 x 56 cm
=336  \\$acartographic image$2rdacontent
=337  \\$aunmediated$2rdamedia
=338  \\$asheet$2rdacarrier
=500  \\$aDepth recorded by soundings in fathoms with an explanation note below title.
=510  4\$aCrace, John Gregory, A catalogue of maps, plans and views of London, Westminster and Southwark collected and arranged by Frederick Crace (1878),$cnumber 19, page 135
=650  \0$aRivers$zEngland$zLondon$vMaps$vEarly works to 1800.
=651  \0$aThames River (England)$xNavigation$vMaps$vEarly works to 1800.
=651  \0$aTower Hamlets (London, England)$vMaps$vEarly works to 1800.
=651  \0$aGreenwich (London, England)$vMaps$vEarly works to 1800.
=651  \0$aLondon (England)$vMaps$vEarly works to 1800.
=655  \7$aEarly maps.$2fast$0(OCoLC)fst01752681
=700  1\$aCrace, Frederick,$d1779-1859,$eformer owner.
=700  1\$aCrace, John Gregory,$d1809-1889,$edonor.
=700  1\$aStockdale, John,$d1749?-1814,$epublisher.
=700  1\$aNeele, Samuel John,$d1758-1824,$eengraver.
=852  41$aBritish Library$bMAPS$jMaps Crace Port. 18.19.(1.)
=856  41$3Copy at Maps Crace Port. 18.19.(1.)$uhttp://www.bl.uk/onlinegallery/onlineex/crace/p/007000000000018u000190a0.html$yDigitised map
=985  \\$aRecord amended for WR1606-1727
=985  \\$aUpdated by MS generated file for WR2302-017
=CAT  \\$a12842$b40$c20130729$lBLL01$h1551
=CAT  \\$a12842$b40$c20130730$lBLL01$h1513
=CAT  \\$a12819$b40$c20131213$lBLL01$h1734
=CAT  \\$aW1606-1727$c20160825$lBLL01$h1742
=CAT  \\$aW2302-0174$c20230223$lBLL01$h2000
=FIN  \\$aY$d20130729
=FMT  \\$a  MP
=LAS  \\$aW2302-0174$b00$c20230223$lBLL01$h2000

