=LDR  02434cem a2200541 i 4500
=001  016460308
=003  Uk
=005  20230223161756.0
=007  aj\aanzn
=008  130729q1800\\\\enk||||||\a\\\\\0\\\eng|\
=034  1\$aa$b10000$dW0000419$eE0000013$fN0513038$gN0512849
=040  \\$aUk$beng$cUk$dUk$erda
=042  \\$aukblsr
=082  04$a912.4215$223
=082  04$a912.42162$223
=110  2\$aTrinity House (London, England)
=245  10$aPlan OF THE RIVER THAMES, from the TOWER TO BLACKWALL :$btaken by the Corporation of the TRINITY HOUSE, in the Year 1750 /$cJames Basire, sculp.
=255  \\$aScale approximately 1:10,000$c(W 0°04'19"--E 0°00'13"/N 51°30'38"--N 51°28'49").
=264  \1$a[London] :$b[publisher not identified],$c[approximately 1800]
=300  \\$a1 map ;$c37 x 56 cm
=336  \\$acartographic image$2rdacontent
=337  \\$aunmediated$2rdamedia
=338  \\$asheet$2rdacarrier
=500  \\$aIncluded in the Crace Collection but not listed in the Catalogue of maps, plans and views of London, Westminster and Southwark collected and arranged by Frederick Crace, published in 1878.
=500  \\$aDepth recorded by soundings in fathoms with an explanation note at lower centre.
=500  \\$aTop right corner: APPENDIX (C.1).
=650  \0$aRivers$zEngland$zLondon$vMaps.
=651  \0$aThames River (England)$xNavigation$vMaps.
=651  \0$aTower Hamlets (London, England)$vMaps.
=651  \0$aGreenwich (London, England)$vMaps.
=651  \0$aLondon (England)$vMaps.
=655  \7$aMaps.$2fast$0(OCoLC)fst01423704
=700  1\$aCrace, Frederick,$d1779-1859,$eformer owner.
=700  1\$aCrace, John Gregory,$d1809-1889,$edonor.
=700  1\$aBasire, James,$d1769-1822,$eengraver.
=852  41$aBritish Library$bMAPS$jMaps Crace Port. 18.19.(2.)
=856  41$3Copy at Maps Crace Port. 18.19.(2.)$uhttp://www.bl.uk/onlinegallery/onlineex/crace/p/007000000000018u000190b0.html$yDigitised map
=985  \\$aRecord amended for WR1606-1727
=985  \\$aUpdated by MS generated file for WR2302-017
=CAT  \\$a12842$b40$c20130729$lBLL01$h1604
=CAT  \\$a12842$b40$c20130730$lBLL01$h1512
=CAT  \\$a12842$b40$c20131024$lBLL01$h1413
=CAT  \\$a12819$b40$c20131213$lBLL01$h1735
=CAT  \\$aW1606-1727$c20160825$lBLL01$h1742
=CAT  \\$aW2302-0174$c20230223$lBLL01$h2000
=FIN  \\$aY$d20130729
=FMT  \\$a  MP
=LAS  \\$aW2302-0174$b00$c20230223$lBLL01$h2000

