=LDR  02771cem a2200541 i 4500
=001  016460320
=003  Uk
=005  20230223161757.0
=007  aj\aanzn
=008  130729s1799\\\\enk||||||\a\\\\\0\\\eng|\
=034  1\$aa$b2650$dW0015338$eW0015451$fN0513043$gN0513020$2bound
=040  \\$aUk$beng$cUk$dUk$erda
=042  \\$aukblsr
=082  04$a912.4212$223
=100  10$aDance, George,$d1741-1825.
=245  12$aA SURVEY of the RIVER THAMES, between London Bridge & Blackfriars Bridge, with the SOUNDINGS within those Limits /$cGeo: Dance ; Surveyor's Office, Guildhall.
=255  \\$aScale approximately 1:2,650$c(W 1°53'38"--W 1°54'51"/N 51°30'43"--N 51°30'20").
=264  \1$aLondon :$b[publisher not identified],$cJuly, 1799.
=300  \\$a1 map ;$c26 x 51 cm
=336  \\$acartographic image$2rdacontent
=337  \\$aunmediated$2rdamedia
=338  \\$asheet$2rdacarrier
=500  \\$aDepth recorded by soundings at medium low water.
=510  4\$aCrace, John Gregory, A catalogue of maps, plans and views of London, Westminster and Southwark collected and arranged by Frederick Crace (1878),$cnumber 20, page 135
=520  \\$aThe title of this plan appears at bottom right, with compass star and scale bar at bottom centre. Produced by the Surveying Office at Guildhall, the plan was intended as an aid for navigation along the Thames and indicates the location of all stairs to the river and water soundings at various points along the course.
=650  \0$aRivers$zEngland$zLondon$vMaps$vEarly works to 1800.
=651  \0$aThames River (England)$xNavigation$vMaps$vEarly works to 1800.
=651  \0$aCity of London (England)$vMaps$vEarly works to 1800.
=651  \0$aLondon (England)$vMaps$vEarly works to 1800.
=655  \7$aEarly maps.$2fast$0(OCoLC)fst01752681
=700  1\$aCrace, Frederick,$d1779-1859,$eformer owner.
=700  1\$aCrace, John Gregory,$d1809-1889,$edonor.
=852  41$aBritish Library$bMAPS$jMaps Crace Port. 18.20
=856  41$3Copy at Maps Crace Port. 18.20$uhttp://www.bl.uk/onlinegallery/onlineex/crace/a/007000000000018u00020000.html$yDigitised map
=985  \\$aUpgraded from BL georeferencer data 2022-11-17.
=985  \\$aRecord amended for WR1606-1727
=985  \\$aUpdated by MS generated file for WR2302-017
=CAT  \\$a12842$b40$c20130729$lBLL01$h1629
=CAT  \\$a12842$b40$c20130730$lBLL01$h1512
=CAT  \\$a12819$b40$c20131213$lBLL01$h1735
=CAT  \\$aW1606-1727$c20160825$lBLL01$h1742
=CAT  \\$aBATCH-UPD$b00$c20160825$lBLL01$h1744
=CAT  \\$a14185$b40$c20221201$lBLL01$h1621
=CAT  \\$a14185$b40$c20221204$lBLL01$h1847
=CAT  \\$aW2302-0174$c20230223$lBLL01$h2000
=FIN  \\$aY$d20130729
=FMT  \\$a  MP
=LAS  \\$aW2302-0174$b00$c20230223$lBLL01$h2000

