=LDR  02594cfm a2200529 i 4500
=001  016460331
=003  Uk
=005  20230223161757.0
=007  aj\canzn
=008  130729s1803\\\\enk||||||\a\\\\\0\\\eng|\
=034  0\$aa$dW0000317$eW0000242$fN0513036$gN0513003
=040  \\$aUk$beng$cUk$dUk$erda
=042  \\$aukblsr
=082  04$a912.4215$223
=082  04$a912.42164$223
=245  00$aSection from North to South of the River Thames, with the Borings on each side of the River, and the Line of the Commercial Arch Way from Limehouse to Rotherhithe.
=255  \\$aScale not given$c(W 0°03'17"--W 0°02'42"/N 51°30'36"--N 51°30'03").
=264  \0$a[London] :$b[producer not identified],$cOct. 5th, 1803.
=300  \\$a1 map :$bcolour ;$c32 x 75 cm
=336  \\$acartographic image$2rdacontent
=337  \\$aunmediated$2rdamedia
=338  \\$asheet$2rdacarrier
=500  \\$aPen and ink with wash on paper. An annotation in later hand dated Jan. 1812 in the bottom left-hand corner.
=500  \\$aShows the proposed underwater tunnel and the riverbanks' geology with masurements and depth soundings reported.
=500  \\$aMr Alexander reported as an engineer in A catalogue of maps, plans and views of London, Westminster and Southwark collected and arranged by Frederick Crace.
=510  4\$aCrace, John Gregory, A catalogue of maps, plans and views of London, Westminster and Southwark collected and arranged by Frederick Crace (1878),$cnumber 21, page 135
=650  \0$aTunnels$xDesign and construction$zEngland$zLondon$vMaps.
=651  \0$aTower Hamlets (London, England)$vMaps.
=651  \0$aSouthwark (London, England)$vMaps.
=651  \0$aThames River (England)$vMaps.
=651  \0$aLondon (England)$vMaps.
=655  \7$aMaps.$2fast$0(OCoLC)fst01423704
=700  1\$aCrace, Frederick,$d1779-1859,$eformer owner.
=700  1\$aCrace, John Gregory,$d1809-1889,$edonor.
=852  41$aBritish Library$bMAPS$jMaps Crace Port. 18.21
=856  41$3Copy at Maps Crace Port. 18.21$uhttp://www.bl.uk/onlinegallery/onlineex/crace/s/007000000000018u00021000.html$yDigitised map
=985  \\$aRecord amended for WR1606-1727
=985  \\$aUpdated by MS generated file for WR2302-017
=CAT  \\$a12842$b40$c20130729$lBLL01$h1709
=CAT  \\$a12842$b40$c20130729$lBLL01$h1712
=CAT  \\$a12842$b40$c20131024$lBLL01$h1413
=CAT  \\$a12819$b40$c20131213$lBLL01$h1736
=CAT  \\$aW1606-1727$c20160825$lBLL01$h1742
=CAT  \\$aW2302-0174$c20230223$lBLL01$h2000
=FIN  \\$aY$d20130729
=FMT  \\$a  MP
=LAS  \\$aW2302-0174$b00$c20230223$lBLL01$h2000

