=LDR  03102cem a2200589 i 4500
=001  016460541
=003  Uk
=005  20230223161757.0
=007  aj\aanzn
=008  130730q1720\\\\enk||||||\a\\\\\0\\\eng|\
=034  0\$aa$dW0021600$eE0012800$fN0515200$gN0511800
=040  \\$aUk$beng$cUk$dUk$erda
=042  \\$aukblsr
=082  04$a912.421$223
=082  04$a912.4221$223
=082  04$a912.4223$223
=082  04$a912.4241$223
=245  02$aA Draught of the RIVER THAMES from it's Spring in GLOCESTER SHIRE - to it's Influx into the SEA whereunto is annexed a particular Description of it's course :$bwith a Table Shewing all it's Locks & Bridges and what Barges pays at each with their distances from each other &c.
=255  \\$aScale not given$c(W 2°16'00"--E 1°28'00"/N 51°52'00"--N 51°18'00").
=264  \1$a[London] :$b[Thomas Bowles],$c[1720]
=300  \\$a1 map ;$c11 x 61 cm
=336  \\$acartographic image$2rdacontent
=337  \\$aunmediated$2rdamedia
=338  \\$asheet$2rdacarrier
=500  \\$aTitle continues: The first part of this Draught, contains ye course of ye Thames from its Spring to Brentford in Middlesex; and the second from thence to the North Foreland-shewing the Sands & Soundings in the Rivers' Mouth.
=500  \\$aIncludes panel with descriptive text and advertisement 'Printed for and sold by Tho Bowles next ye Chapter House in St. Pauls' Church Yard ...'. Table with place names listing distances by water at upper right.
=500  \\$aDepths in the Thames Estuary shown by soundings.
=510  4\$aCrace, John Gregory, A catalogue of maps, plans and views of London, Westminster and Southwark collected and arranged by Frederick Crace (1878),$cnumber 23, page 135
=650  \0$aRivers$zEngland$zLondon$vMaps$vEarly works to 1800.
=651  \0$aThames River (England)$vMaps$vEarly works to 1800.
=651  \0$aSurrey (England)$vMaps$vEarly works to 1800.
=651  \0$aKent (England)$vMaps$vEarly works to 1800.
=651  \0$aMiddlesex (England)$vMaps$vEarly works to 1800.
=651  \0$aGloucestershire (England)$vMaps$vEarly works to 1800.
=651  \0$aLondon (England)$vMaps$vEarly works to 1800.
=655  \7$aEarly maps.$2fast$0(OCoLC)fst01752681
=700  1\$aCrace, Frederick,$d1779-1859,$eformer owner.
=700  1\$aCrace, John Gregory,$d1809-1889,$edonor.
=700  1\$aBowles, Thomas,$d-1767,$epublisher.
=852  41$aBritish Library$bMAPS$jMaps Crace Port. 18.23
=856  41$3Copy at Maps Crace Port. 18.23$uhttp://www.bl.uk/onlinegallery/onlineex/crace/a/007000000000018u00023000.html$yDigitised map
=985  \\$aRecord amended for WR1606-1727
=985  \\$aUpdated by MS generated file for WR2302-017
=CAT  \\$a12842$b40$c20130730$lBLL01$h1201
=CAT  \\$a12842$b40$c20130730$lBLL01$h1452
=CAT  \\$a12842$b40$c20130730$lBLL01$h1508
=CAT  \\$a12819$b40$c20131213$lBLL01$h1736
=CAT  \\$aW1606-1727$c20160825$lBLL01$h1743
=CAT  \\$aW2302-0174$c20230223$lBLL01$h2000
=FIN  \\$aY$d20130730
=FMT  \\$a  MP
=LAS  \\$aW2302-0174$b00$c20230223$lBLL01$h2000

