=LDR  02746cem a2200601 i 4500
=001  016460697
=003  Uk
=005  20230223161757.0
=007  aj\aanzn
=008  130730q1720\\\\enk||||||\a\\\\\0\\\eng|\
=034  0\$aa$dW0025010$eE0012932$fN0515231$gN0511818
=040  \\$aUk$beng$cUk$dUk$erda
=042  \\$aukblsr
=082  04$a912.421$223
=082  04$a912.4221$223
=082  04$a912.4223$223
=082  04$a912.4241$223
=245  04$aTHE WEST PART OF THE RIVER THAMES ; THE WEST PART OF THE RIVER THAMES /$cI. Harris.
=255  \\$aScale not given$c(W 2°50'10"--E 1°29'32"/N 51°52'31"--N 51°18'18").
=264  \1$a[London] :$b[publisher not identified],$c[1720]
=300  \\$a1 map ;$c11 x 77 cm
=336  \\$acartographic image$2rdacontent
=337  \\$aunmediated$2rdamedia
=338  \\$asheet$2rdacarrier
=500  \\$aDate in imprint from A catalogue of maps, plans and views of London, Westminster and Southwark collected and arranged by Frederick Crace, 1878.
=500  \\$aPublished for Magna Britannia et Hibernia Antiqua et Nova.
=500  \\$aLettered for reference with table listing place names at upper right.
=500  \\$aDepths in the Thames Estuary shown by soundings.
=510  4\$aCrace, John Gregory, A catalogue of maps, plans and views of London, Westminster and Southwark collected and arranged by Frederick Crace (1878),$cnumber 24, page 135
=650  \0$aRivers$zEngland$zLondon$vMaps$vEarly works to 1800.
=651  \0$aThames River (England)$vMaps$vEarly works to 1800.
=651  \0$aSurrey (England)$vMaps$vEarly works to 1800.
=651  \0$aKent (England)$vMaps$vEarly works to 1800.
=651  \0$aMiddlesex (England)$vMaps$vEarly works to 1800.
=651  \0$aGloucestershire (England)$vMaps$vEarly works to 1800.
=651  \0$aLondon (England)$vMaps$vEarly works to 1800.
=655  \7$aEarly maps.$2fast$0(OCoLC)fst01752681
=700  1\$aCrace, Frederick,$d1779-1859,$eformer owner.
=700  1\$aCrace, John Gregory,$d1809-1889,$edonor.
=700  1\$aHarris, John,$dapproximately 1686-1730,$eengraver.
=852  41$aBritish Library$bMAPS$jMaps Crace Port. 18.24
=856  41$3Copy at Maps Crace Port. 18.24$uhttp://www.bl.uk/onlinegallery/onlineex/crace/t/007000000000018u00024000.html$yDigitised map
=985  \\$a700=NEW
=985  \\$aRecord amended for WR1606-1727
=985  \\$aUpdated by MS generated file for WR2302-017
=CAT  \\$a12842$b40$c20130730$lBLL01$h1445
=CAT  \\$a12842$b40$c20130730$lBLL01$h1508
=CAT  \\$a12819$b40$c20131213$lBLL01$h1736
=CAT  \\$aW1606-1727$c20160825$lBLL01$h1743
=CAT  \\$aW2302-0174$c20230223$lBLL01$h2000
=FIN  \\$aY$d20130730
=FMT  \\$a  MP
=LAS  \\$aW2302-0174$b00$c20230223$lBLL01$h2000

