=LDR  02247cem a2200457 i 4500
=001  016462473
=003  Uk
=005  20230223161758.0
=007  aj\aanzn
=008  130730q1844\\\\xx\||||||\a\\\\\0\\\eng|\
=034  0\$aa$dW0003833$eE0004934$fN0513128$gN0512253
=040  \\$aUk$beng$cUk$dUk$erda
=042  \\$aukblsr
=082  04$a912.422$223
=245  00$aGUIDE FOR EXCURSIONS OF THE RIVER THAMES FROM ETON TO THE NORE.
=255  \\$aScale not given$c(W 0°38'33"--E 0°49'34"/N 51°31'28"--N 51°22'53").
=264  \1$a[Place of publication not identified] :$b[publisher not identified],$c[1844]
=300  \\$a1 map ;$c55 x 39 cm
=336  \\$acartographic image$2rdacontent
=337  \\$aunmediated$2rdamedia
=338  \\$asheet$2rdacarrier
=500  \\$aDate in imprint from A catalogue of maps, plans and views of London, Westminster and Southwark collected and arranged by Frederick Crace, 1878.
=500  \\$aDivided into three sections: Eton to Vauxhall, Vauxhall to Greenwich Blackwall to the Nore.
=500  \\$aReflects the popularity of leisure and tourist activities on the Thames and Kent coast.
=505  0\$aBird's-eye view of the Thames with west to the top, together with views of London and the names of landmarks and inns.
=510  4\$aCrace, John Gregory, A catalogue of maps, plans and views of London, Westminster and Southwark collected and arranged by Frederick Crace (1878),$cnumber 28, page 136
=651  \0$aThames River (England)$vMaps.
=655  \7$aTourist maps.$2fast$0(OCoLC)fst01423809
=700  1\$aCrace, Frederick,$d1779-1859,$eformer owner.
=700  1\$aCrace, John Gregory,$d1809-1889,$edonor.
=852  41$aBritish Library$bMAPS$jMaps Crace Port. 18.28
=856  41$3Copy at Maps Crace Port. 18.28$uhttp://www.bl.uk/onlinegallery/onlineex/crace/g/007000000000018u00028000.html$yDigitised map
=985  \\$aRecord amended for WR1606-1727
=985  \\$aUpdated by MS generated file for WR2302-017
=CAT  \\$a12842$b40$c20130730$lBLL01$h1724
=CAT  \\$a12819$b40$c20131213$lBLL01$h1737
=CAT  \\$aW1606-1727$c20160825$lBLL01$h1742
=CAT  \\$aW2302-0174$c20230223$lBLL01$h2000
=FIN  \\$aY$d20130730
=FMT  \\$a  MP
=LAS  \\$aW2302-0174$b00$c20230223$lBLL01$h2000

