=LDR  02328cem a2200493 i 4500
=001  016462474
=003  Uk
=005  20230223161758.0
=007  aj\canzn
=008  130730q1840\\\\enk||||||\a\\\\\0\\\eng|\
=034  0\$aa$dW0001024$eW0000730$fN0512919$gN0512846
=040  \\$aUk$beng$cUk$dUk$erda
=042  \\$aukblsr
=082  04$a912.42166$223
=245  00$aRIVER THAMES, LONGITUDINAL SECTION SHEWING THE BED OF THE RIVER FROM BATTERSEA BRIDGE TO VAUXHALL BRIDGE.
=255  \\$aScale not given$c(W 0°10'24"--W 0°07'30"/N 51°29'19"--N 51°28'46").
=264  \1$a[London] :$b[publisher not identified],$c[about 1840]
=300  \\$a1 map :$bcolour ;$c27 x 57 cm
=336  \\$acartographic image$2rdacontent
=337  \\$aunmediated$2rdamedia
=338  \\$asheet$2rdacarrier
=500  \\$aDate in imprint from A catalogue of maps, plans and views of London, Westminster and Southwark collected and arranged by Frederick Crace, 1878.
=500  \\$aLettered for reference with measurements given. Includes explanation note signed Tho. Page.
=500  \\$aTop right corner above neat line: The Commissioners 5th Report on Metropolitan Improvements.
=510  4\$aCrace, John Gregory, A catalogue of maps, plans and views of London, Westminster and Southwark collected and arranged by Frederick Crace (1878),$cnumber 29, page 136
=650  \0$aRivers$zEngland$zLondon$vMaps.
=651  \0$aThames River (England)$vMaps.
=651  \0$aWandsworth (London, England)$vMaps.
=651  \0$aLondon (England)$vMaps.
=655  \7$aMaps.$2fast$0(OCoLC)fst01423704
=700  1\$aCrace, Frederick,$d1779-1859,$eformer owner.
=700  1\$aCrace, John Gregory,$d1809-1889,$edonor.
=852  41$aBritish Library$bMAPS$jMaps Crace Port. 18.29
=856  41$3Copy at Maps Crace Port. 18.29$uhttp://www.bl.uk/onlinegallery/onlineex/crace/r/007000000000018u00029000.html$yDigitised map
=985  \\$aRecord amended for WR1606-1727
=985  \\$aUpdated by MS generated file for WR2302-017
=CAT  \\$a12842$b40$c20130730$lBLL01$h1740
=CAT  \\$a12842$b40$c20131024$lBLL01$h1416
=CAT  \\$a12819$b40$c20131213$lBLL01$h1738
=CAT  \\$aW1606-1727$c20160825$lBLL01$h1742
=CAT  \\$aW2302-0174$c20230223$lBLL01$h2000
=FIN  \\$aY$d20130730
=FMT  \\$a  MP
=LAS  \\$aW2302-0174$b00$c20230223$lBLL01$h2000

