=LDR  02657cem a2200517 i 4500
=001  016462792
=003  Uk
=005  20230223161758.0
=007  aj\aanzn
=008  130731s1796\\\\enk||||||\a\\\\\0\\\eng|\
=034  0\$aa$dW0000523$eW0000358$fN0513033$gN0513000
=040  \\$aUk$beng$cUk$dUk$erda
=042  \\$aukblsr
=082  04$a912.4215$223
=100  1\$aFellows, William,$dactive 1793-1816,$esurveyor.
=245  12$aA PLAN Shewing the Situation OF THE Public Foreign Sufferance Wharfs Within the Limits :$bSet out by the COMMISSIONERS of His Majesty's Customs and particularly Specified and Declared by them to be PUBLIC WHARFS on the 13th May, 1789 /$cSurvey'd by Order of the Committee of Sufferance Warfingers March 1796, by W. FELLOWS, Tooley Street, SOUTHWARK ; Blake sc' Change Alley.
=255  \\$aScale not given$c(W 0°05'23"--W 0°03'58"/N 51°30'33"--N 51°30'00").
=264  \1$a[London] :$b[publisher not identified],$c1796.
=300  \\$a1 map ;$c44 x 79 cm
=336  \\$acartographic image$2rdacontent
=337  \\$aunmediated$2rdamedia
=338  \\$asheet$2rdacarrier
=500  \\$aIncludes a table with dimensions of each wharf in square feet and the amount of merchandise stored in each wharf's warehouse and yard.
=510  4\$aCrace, John Gregory, A catalogue of maps, plans and views of London, Westminster and Southwark collected and arranged by Frederick Crace (1878),$cnumber 30, page 136
=650  \0$aWharves$zEngland$zLondon$vMaps$vEarly works to 1800.
=651  \0$aThames River (England)$vMaps$vEarly works to 1800.
=651  \0$aLondon (England)$vMaps$vEarly works to 1800.
=651  \0$aTower Hamlets (London, England)$vMaps$vEarly works to 1800.
=655  \7$aEarly maps.$2fast$0(OCoLC)fst01752681
=700  1\$aCrace, Frederick,$d1779-1859,$eformer owner.
=700  1\$aCrace, John Gregory,$d1809-1889,$edonor.
=700  1\$aBlake, William Stadden,$d1747?-1814,$eengraver.
=852  41$aBritish Library$bMAPS$jMaps Crace Port. 18.30
=856  41$3Copy at Maps Crace Port. 18.30$uhttp://www.bl.uk/onlinegallery/onlineex/crace/a/007000000000018u00030000.html$yDigitised map
=985  \\$a100 & 700=NEW
=985  \\$aRecord amended for WR1606-1727
=985  \\$aUpdated by MS generated file for WR2302-017
=CAT  \\$a12842$b40$c20130731$lBLL01$h1429
=CAT  \\$a12842$b40$c20130731$lBLL01$h1431
=CAT  \\$a12819$b40$c20131213$lBLL01$h1738
=CAT  \\$a7416$b40$c20140901$lBLL01$h1051
=CAT  \\$aW1606-1727$c20160825$lBLL01$h1742
=CAT  \\$aW2302-0174$c20230223$lBLL01$h2000
=FIN  \\$aY$d20130520
=FMT  \\$a  MP
=LAS  \\$aW2302-0174$b00$c20230223$lBLL01$h2000

