=LDR  02825cem a2200541 i 4500
=001  016462820
=003  Uk
=005  20230223161758.0
=007  aj\canzn
=008  130731q1720\\\\enk||||||\a\\\\\0\\\eng|\
=034  1\$aa$dW0015437$eW0015826$fN0513027$gN0512907$2bound
=040  \\$aUk$beng$cUk$dUk$erda
=042  \\$aukblsr
=082  04$a912.42164$223
=245  04$aThe SURREY & KENT Commercial Roads, from the KINGS YARD DEPTFORD, EAST COUNTRY & COMMERCIAL DOCKS to the Bricklayers Arms, Kent Road & TOOLEY STREET.
=255  \\$aScale not given$c(W 1°54'37"--W 1°58'26"/N 51°30'27"--N 51°29'07").
=264  \1$a[London] :$b[publisher not identified],$c[1720]
=300  \\$a1 map :$bcolour ;$c26 x 42 cm
=336  \\$acartographic image$2rdacontent
=337  \\$aunmediated$2rdamedia
=338  \\$asheet$2rdacarrier
=500  \\$aDate in imprint from A catalogue of maps, plans and views of London, Westminster and Southwark collected and arranged by Frederick Crace, 1878.
=500  \\$aShows proposed road from the docks in Deptford to Tooley Street. Coloured for reference with a key at upper left.
=500  \\$aOriented with south to the top.
=510  4\$aCrace, John Gregory, A catalogue of maps, plans and views of London, Westminster and Southwark collected and arranged by Frederick Crace (1878),$cnumber 32, page 136
=520  \\$aPlan for laying down new roads connecting the docks in Deptford to Tooley Street in Bermondsey. The plan is oriented with south at the top and features title and scale bar at lower left and key to colour at top left.
=650  \0$aCity planning$zEngland$zLondon$vMaps$vEarly works to 1800.
=650  \0$aRoads$zEngland$zLondon$vMaps$vEarly works to 1800.
=651  \0$aSouthwark (London, England)$vMaps$vEarly works to 1800.
=651  \0$aLondon (England)$vMaps$vEarly works to 1800.
=655  \7$aEarly maps.$2fast$0(OCoLC)fst01752681
=700  1\$aCrace, Frederick,$d1779-1859,$eformer owner.
=700  1\$aCrace, John Gregory,$d1809-1889,$edonor.
=852  41$aBritish Library$bMAPS$jMaps Crace Port. 18.32
=856  41$3Copy at Maps Crace Port. 18.32$uhttp://www.bl.uk/onlinegallery/onlineex/crace/t/007000000000018u00032000.html$yDigitised map
=985  \\$aUpgraded from BL georeferencer data 2022-11-17.
=985  \\$aRecord amended for WR1606-1727
=985  \\$aUpdated by MS generated file for WR2302-017
=CAT  \\$a12842$b40$c20130731$lBLL01$h1521
=CAT  \\$a12819$b40$c20131213$lBLL01$h1739
=CAT  \\$a12842$b40$c20140122$lBLL01$h1627
=CAT  \\$aW1606-1727$c20160825$lBLL01$h1743
=CAT  \\$a14185$b40$c20221201$lBLL01$h1621
=CAT  \\$a14185$b40$c20221204$lBLL01$h1848
=CAT  \\$aW2302-0174$c20230223$lBLL01$h2000
=FIN  \\$aY$d20130731
=FMT  \\$a  MP
=LAS  \\$aW2302-0174$b00$c20230223$lBLL01$h2000

