=LDR  02976cfm a2200601 i 4500
=001  016462835
=003  Uk
=005  20230223161758.0
=007  aj\canzn
=008  130731q1790\\\\enk||||||\a\\\\\0\\\eng|\
=034  1\$aa$dW0015736$eW0015826$fN0512944$gN0512903$2bound
=040  \\$aUk$beng$cUk$dUk$erda
=042  \\$aukblsr
=082  04$a912.42164$223
=100  1\$aMathews, David,$esurveyor.
=245  12$aA Plan of the East Country Dock and an intended Dock, adjoining His Majesty's Victualling Office, Transport Office & Dock Yard, Deptford /$cSurveyed by David Mathews Superintendant.
=255  \\$aScale not given$c(W 1°57'36"--W 1°58'26"/N 51°29'44"--N 51°29'03").
=264  \0$a[London] :$bDavid Mathews,$c[1790]
=300  \\$a1 map :$bcolour ;$c40 x 66 cm
=336  \\$acartographic image$2rdacontent
=337  \\$aunmediated$2rdamedia
=338  \\$asheet$2rdacarrier
=500  \\$aPen and ink with wash on paper.
=500  \\$aDate taken from A catalogue of maps, plans and views of London, Westminster and Southwark collected and arranged by Frederick Crace, 1878.
=500  \\$aShows proposed East Country Dock with landowners' names reported.
=500  \\$aOriented with west to the top.
=510  4\$aCrace, John Gregory, A catalogue of maps, plans and views of London, Westminster and Southwark collected and arranged by Frederick Crace (1878),$cnumber 33, page 136
=520  \\$aPlan of the proposed East Country Dock adjoining the Royal Dockyard at Deptford showing the perimeter of the area to be developed highlighted in blue.
=650  \0$aWharves$zEngland$zLondon$vMaps$vEarly works to 1800.
=650  \0$aDocks$zEngland$zLondon$vMaps$vEarly works to 1800.
=651  \0$aThames River (England)$vMaps$vEarly works to 1800.
=651  \0$aSouthwark (London, England)$vMaps$vEarly works to 1800.
=651  \0$aLondon (England)$vMaps$vEarly works to 1800.
=655  \7$aEarly maps.$2fast$0(OCoLC)fst01752681
=700  1\$aCrace, Frederick,$d1779-1859,$eformer owner.
=700  1\$aCrace, John Gregory,$d1809-1889,$edonor.
=852  41$aBritish Library$bMAPS$jMaps Crace Port. 18.33
=856  41$3Copy at Maps Crace Port. 18.33$uhttp://www.bl.uk/onlinegallery/onlineex/crace/a/007000000000018u00033000.html$yDigitised map
=985  \\$aUpgraded from BL georeferencer data 2022-11-17.
=985  \\$aRecord amended for WR1606-1727
=985  \\$aUpdated by MS generated file for WR2302-017
=CAT  \\$a12842$b40$c20130731$lBLL01$h1607
=CAT  \\$a12842$b40$c20130731$lBLL01$h1610
=CAT  \\$a12842$b40$c20130731$lBLL01$h1633
=CAT  \\$a12842$b40$c20130731$lBLL01$h1634
=CAT  \\$a12819$b40$c20131213$lBLL01$h1740
=CAT  \\$aW1606-1727$c20160825$lBLL01$h1742
=CAT  \\$a14185$b40$c20221201$lBLL01$h1621
=CAT  \\$a14185$b40$c20221204$lBLL01$h1849
=CAT  \\$aW2302-0174$c20230223$lBLL01$h2000
=FIN  \\$aY$d20130731
=FMT  \\$a  MP
=LAS  \\$aW2302-0174$b00$c20230223$lBLL01$h2000

