=LDR  03126cem a2200589 i 4500
=001  016462844
=003  Uk
=005  20230223161758.0
=007  aj\aanzn
=008  130731q1796\\\\enk||||||\a\\\\\0\\\eng|\
=034  1\$aa$dW0015457$eE0000046$fN0513103$gN0512858$2bound
=040  \\$aUk$beng$cUk$dUk$erda
=042  \\$aukblsr
=082  04$a912.4215$223
=082  04$a912.42164$223
=100  1\$aWalker, Ralph,$d1749-1824,$eengineer.
=245  12$aA PROPOSED PLAN OF WET DOCKS IN WAPPING &c. /$cBY RALPH WALKER.
=255  \\$aScale not given$c(W 1°54'57"--E 0°0'46"/N 51°31'03"--N 51°28'58").
=264  \1$a[London] :$b[publisher not identified],$c[1796]
=300  \\$a1 map ;$c46 x 79 cm
=336  \\$acartographic image$2rdacontent
=337  \\$aunmediated$2rdamedia
=338  \\$asheet$2rdacarrier
=500  \\$aDate in imprint from A catalogue of maps, plans and views of London, Westminster and Southwark collected and arranged by Frederick Crace, 1878.
=500  \\$aIncludes 'A Perpetual TIDE TABLE, for Blackwall' in volvelle form with a note 'New Moon 7th April 1796.
=500  \\$aLettered for reference with a key at the lower right.
=500  \\$aDepth recorded by soundings in feet.
=510  4\$aCrace, John Gregory, A catalogue of maps, plans and views of London, Westminster and Southwark collected and arranged by Frederick Crace (1878),$cnumber 34, page 136
=520  \\$aProposed plan for wet docks at Wapping, with title along the top, key at bottom right, tide table for Blackwall at bottom centre and inset plan of docking and storage facilities at bottom left. This was one of many large scale plans for new docking and shipping facilities for London submitted to Parliament after a Parliamentary Committee reported on the congestion and inadequacy of the London port in 1796.
=650  \0$aDocks$zEngland$zLondon$vMaps$vEarly works to 1800.
=651  \0$aThames River (England)$xNavigation$vMaps$vEarly works to 1800.
=651  \0$aTower Hamlets (London, England)$vMaps$vEarly works to 1800.
=651  \0$aSouthwark (London, England)$vMaps$vEarly works to 1800.
=651  \0$aLondon (England)$vMaps$vEarly works to 1800.
=655  \7$aEarly maps.$2fast$0(OCoLC)fst01752681
=700  1\$aCrace, Frederick,$d1779-1859,$eformer owner.
=700  1\$aCrace, John Gregory,$d1809-1889,$edonor.
=852  41$aBritish Library$bMAPS$jMaps Crace Port. 18.34
=856  41$3Copy at Maps Crace Port. 18.34$uhttp://www.bl.uk/onlinegallery/onlineex/crace/a/007000000000018u00034000.html$yDigitised map
=985  \\$aUpgraded from BL georeferencer data 2022-11-17.
=985  \\$a100=NEW
=985  \\$aRecord amended for WR1606-1727
=985  \\$aUpdated by MS generated file for WR2302-017
=CAT  \\$a12842$b40$c20130731$lBLL01$h1636
=CAT  \\$a12819$b40$c20131213$lBLL01$h1740
=CAT  \\$aW1606-1727$c20160825$lBLL01$h1742
=CAT  \\$a14185$b40$c20221201$lBLL01$h1622
=CAT  \\$a14185$b40$c20221204$lBLL01$h1850
=CAT  \\$aW2302-0174$c20230223$lBLL01$h2000
=FIN  \\$aY$d20130731
=FMT  \\$a  MP
=LAS  \\$aW2302-0174$b00$c20230223$lBLL01$h2000

