=LDR  03285cem a2200553 i 4500
=001  016462849
=003  Uk
=005  20230223161758.0
=007  aj\canzn
=008  130731s1796\\\\enk||||||\a\\\\\0\\\eng|\
=034  1\$aa$b17000$dW0015426$eE0000045$fN0513127$gN0512842$2bound
=040  \\$aUk$beng$cUk$dUk$erda
=042  \\$aukblsr
=082  04$a912.4215$223
=082  04$a912.42164$223
=100  1\$aFairburn, John,$d1768 or 1769-1832,$epublisher.
=245  10$aFAIRBURN'S PLAN of the PROPOSED WET-DOCKS AND CUT, from NEW GRAVEL LANE to BLACKWALL.
=255  \\$aScale approximately 1:17,000$c(W 1°54'26"--E 0°0'45"/N 51°31'27"--N 51°28'42").
=264  \1$aLondon :$bPublished by John Fairburn, 146, Minories,$cMar. 5th 1796.
=300  \\$a1 map :$bcolour ;$c26 x 41 cm
=336  \\$acartographic image$2rdacontent
=337  \\$aunmediated$2rdamedia
=338  \\$asheet$2rdacarrier
=500  \\$aDocks coloured and lettered for reference with a key at the lower centre.
=510  4\$aCrace, John Gregory, A catalogue of maps, plans and views of London, Westminster and Southwark collected and arranged by Frederick Crace (1878),$cnumber 35, page 137
=520  \\$aThe plan's title and publisher's imprint appear at bottom left, with a compass star, key and scale bar at bottom centre. The boundary of the area to be developed is highlighted in red. After a Parliamentary Select Committee in 1796 condemned the congestion at the Port of London, a number of large-scale projects for new docking and shipping facilities were submitted to Parliament. Fairburn's plan illustrates the London merchants' scheme. It consists of an entrance dock that could accommodate 33 loaded ships, two main docks that would accommodate a total of 355 ships and a separate dock for lighters. The plan also included the creation of the 2' 3/4 mile long cut from Wapping to Blackwall. An improved version of this scheme would eventually materialise as the London Docks.
=650  \0$aDocks$zEngland$zLondon$vMaps$vEarly works to 1800.
=651  \0$aThames River (England)$vMaps$vEarly works to 1800.
=651  \0$aTower Hamlets (London, England)$vMaps$vEarly works to 1800.
=651  \0$aSouthwark (London, England)$vMaps$vEarly works to 1800.
=651  \0$aLondon (England)$vMaps$vEarly works to 1800.
=655  \7$aEarly maps.$2fast$0(OCoLC)fst01752681
=700  1\$aCrace, Frederick,$d1779-1859,$eformer owner.
=700  1\$aCrace, John Gregory,$d1809-1889,$edonor.
=852  41$aBritish Library$bMAPS$jMaps Crace Port. 18.35
=856  41$3Copy at Maps Crace Port. 18.35$uhttp://www.bl.uk/onlinegallery/onlineex/crace/f/007000000000018u00035000.html$yDigitised map
=985  \\$aUpgraded from BL georeferencer data 2022-11-17.
=985  \\$aRecord amended for WR1606-1727
=985  \\$aUpdated by MS generated file for WR2302-017
=CAT  \\$a12842$b40$c20130731$lBLL01$h1651
=CAT  \\$a12819$b40$c20131213$lBLL01$h1741
=CAT  \\$aW1606-1727$c20160825$lBLL01$h1742
=CAT  \\$aBATCH-UPD$b00$c20181102$lBLL01$h2042
=CAT  \\$a14185$b40$c20221201$lBLL01$h1735
=CAT  \\$a14185$b40$c20221204$lBLL01$h1850
=CAT  \\$aW2302-0174$c20230223$lBLL01$h2000
=FIN  \\$aY$d20130731
=FMT  \\$a  MP
=LAS  \\$aW2302-0174$b00$c20230223$lBLL01$h2000

