=LDR  03298cem a2200589 i 4500
=001  016462853
=003  Uk
=005  20230223161758.0
=007  aj\aanzn
=008  130731q1799\\\\enk||||||\a\\\\\0\\\eng|\
=034  1\$aa$dW0015434$eE0000052$fN0513107$gN0512900$2bound
=040  \\$aUk$beng$cUk$dUk$erda
=042  \\$aukblsr
=082  04$a912.4215$223
=082  04$a912.42164$223
=100  1\$aAlexander, Daniel Asher,$d1768-1846,$esurveyor.
=245  10$aPLAN of the RIVER THAMES with the PROPOSED DOCKS and CUT /$cDanl. Alexander Surveyor ; J. Cary, Engraver.
=246  11$aThe LONDON DOCKS
=255  \\$aScale not given$c(W 1°54'34"--E 0°0'52"/N 51°31'07"--N 51°29'00").
=264  \1$a[London] :$b[publisher not identified],$c[1799]
=300  \\$a1 map :$bcolour ;$c28 x 50 cm
=336  \\$acartographic image$2rdacontent
=337  \\$aunmediated$2rdamedia
=338  \\$asheet$2rdacarrier
=500  \\$aDate in imprint from A catalogue of maps, plans and views of London, Westminster and Southwark collected and arranged by Frederick Crace, 1878.
=500  \\$aProposed docks and cut coloured and lettered for reference with a key at the lower centre.
=510  4\$aCrace, John Gregory, A catalogue of maps, plans and views of London, Westminster and Southwark collected and arranged by Frederick Crace (1878),$cnumber 36, page 137
=520  \\$aThis is Daniel Alexanders original design for the London Docks and Cut. The plan's title and key are at lower left, with the site of the new docks highlighted in blue. Alexander's original design included a 20-acre St. Georges Dock to the west and a seven-acre Shadwell Dock to the east. Each would have their own basin, and be linked by a small Tobacco Dock. Opened in 1805, London Docks were the nearest to the city, and for 21 years all imported tobacco, rice, wine and brandy (except that from the East and West Indies) had to unload there.
=650  \0$aDocks$zEngland$zLondon$vMaps$vEarly works to 1800.
=651  \0$aThames River (England)$vMaps$vEarly works to 1800.
=651  \0$aTower Hamlets (London, England)$vMaps$vEarly works to 1800.
=651  \0$aSouthwark (London, England)$vMaps$vEarly works to 1800.
=651  \0$aLondon (England)$vMaps$vEarly works to 1800.
=655  \7$aEarly maps.$2fast$0(OCoLC)fst01752681
=700  1\$aCrace, Frederick,$d1779-1859,$eformer owner.
=700  1\$aCrace, John Gregory,$d1809-1889,$edonor.
=700  1\$aCary, John,$dapproximately 1754-1835,$eengraver.
=852  41$aBritish Library$bMAPS$jMaps Crace Port. 18.36
=856  41$3Copy at Maps Crace Port. 18.36$uhttp://www.bl.uk/onlinegallery/onlineex/crace/t/007000000000018u00036000.html$yDigitised map
=985  \\$aUpgraded from BL georeferencer data 2022-11-17.
=985  \\$aRecord amended for WR1606-1727
=985  \\$aUpdated by MS generated file for WR2302-017
=CAT  \\$a12842$b40$c20130731$lBLL01$h1710
=CAT  \\$a12842$b40$c20130731$lBLL01$h1722
=CAT  \\$a12819$b40$c20131213$lBLL01$h1742
=CAT  \\$aW1606-1727$c20160825$lBLL01$h1742
=CAT  \\$a14185$b40$c20221201$lBLL01$h1739
=CAT  \\$a14185$b40$c20221204$lBLL01$h1851
=CAT  \\$aW2302-0174$c20230223$lBLL01$h2000
=FIN  \\$aY$d20130731
=FMT  \\$a  MP
=LAS  \\$aW2302-0174$b00$c20230223$lBLL01$h2000

