=LDR  03282cem a2200553 i 4500
=001  016462854
=003  Uk
=005  20230223161758.0
=007  aj\canzn
=008  130731s1803\\\\enk||||||\a\\\\\0\\\eng|\
=034  1\$aa$b2800$dW0015548$eW0015700$fN0513038$gN0513007$2bound
=040  \\$aUk$beng$cUk$dUk$erda
=042  \\$aukblsr
=082  04$a912.4215$223
=100  1\$aAlexander, Daniel Asher,$d1768-1846,$esurveyor.
=245  10$aPlan of the Proposed LONDON DOCKS /$cDaniel Alexander, Surveyor, 1796.
=255  \\$aScale approximately 1:2,800$c(W 1°55'48"--W 1°57'00"/N 51°30'38"--N 51°30'07").
=264  \1$a[London] :$bLuke Hansard & Sons Printers,$c1803.
=300  \\$a1 map :$bcolour ;$c31 x 48 cm
=336  \\$acartographic image$2rdacontent
=337  \\$aunmediated$2rdamedia
=338  \\$asheet$2rdacarrier
=500  \\$aProposed docks coloured and lettered for reference. Includes an explanatory note in the panel at the bottom portion of plate.
=500  \\$aBelow plan: Ordered by the HOUSE OF COMMONS to be printed 11th July 1799 - And to be Re-printed, 1803. Top margin: Second Report (1799) from the Select Committee upon the Improvement of The Port of LONDON. PLATE XVIII 27. Above title: APPENDIX (G.18). Bottom left: Reports, Vol. XIV.
=510  4\$aCrace, John Gregory, A catalogue of maps, plans and views of London, Westminster and Southwark collected and arranged by Frederick Crace (1878),$cnumber 37, page 137
=520  \\$aThis is Daniel Alexanders original design for the London Docks. Commissioned by the House of Commons, the plan's title is at bottom left with scale bars to bottom right. An explanatory note appears in panel below the plan. Alexander's original design included a 20-acre St. Georges Dock to the west and a seven-acre Shadwell Dock to the east. Both would have their own basins, and be linked by a small Tobacco Dock. Opened in 1805, London Docks were the nearest to the city and for 21 years all imports of tobacco, rice, wine and brandy (except those from the East and West Indies) had to unload there.
=650  \0$aDocks$zEngland$zLondon$vMaps.
=651  \0$aTower Hamlets (London, England)$vMaps.
=651  \0$aLondon (England)$vMaps.
=655  \7$aMaps.$2fast$0(OCoLC)fst01423704
=700  1\$aCrace, Frederick,$d1779-1859,$eformer owner.
=700  1\$aCrace, John Gregory,$d1809-1889,$edonor.
=710  2\$aLuke Hansard and Sons,$epublisher.
=852  41$aBritish Library$bMAPS$jMaps Crace Port. 18.37
=856  41$3Copy at Maps Crace Port. 18.37$uhttp://www.bl.uk/onlinegallery/onlineex/crace/p/007000000000018u00037000.html$yDigitised map
=985  \\$aUpgraded from BL georeferencer data 2022-11-17.
=985  \\$aRecord amended for WR1606-1727
=985  \\$aUpdated by MS generated file for WR2302-017
=CAT  \\$a12842$b40$c20130731$lBLL01$h1730
=CAT  \\$a12842$b40$c20130801$lBLL01$h1002
=CAT  \\$a12842$b40$c20131024$lBLL01$h1417
=CAT  \\$a12819$b40$c20131213$lBLL01$h1742
=CAT  \\$aW1606-1727$c20160825$lBLL01$h1742
=CAT  \\$a14185$b40$c20221201$lBLL01$h1739
=CAT  \\$a14185$b40$c20221204$lBLL01$h1852
=CAT  \\$aW2302-0174$c20230223$lBLL01$h2000
=FIN  \\$aY$d20130731
=FMT  \\$a  MP
=LAS  \\$aW2302-0174$b00$c20230223$lBLL01$h2000

