=LDR  02767cem a2200565 i 4500
=001  016462940
=003  Uk
=005  20230223161758.0
=007  aj\canzn
=008  130801s1800\\\\enk||||||\a\\\\\0\\\eng|\
=034  1\$aa$b2700$dW0015544$eW0015706$fN0513038$gN0513004$2bound
=040  \\$aUk$beng$cUk$dUk$erda
=042  \\$aukblsr
=082  04$a912.4215$223
=100  1\$aFairburn, John,$d1768 or 1769-1832,$epublisher.
=245  12$aA Correct PLAN of the LONDON DOCKS, shewing the HOUSES & other PREMISES, within the LIMITS granted by Act of Parliament 1800 /$cEngraved by Robert Rowe.
=255  \\$aScale approximately 1:2,700$c(W 1°55'44"--W 1°57'06"/N 51°30'38"--N 51°30'04").
=264  \1$a[London] :$bPublished by JOHN FAIRBURN, No. 146, Minories,$cAugst. 26th 1800.
=300  \\$a1 map :$bcolour ;$c36 x 52 cm
=336  \\$acartographic image$2rdacontent
=337  \\$aunmediated$2rdamedia
=338  \\$asheet$2rdacarrier
=500  \\$aDocks coloured and lettered for reference with a key and an explanation note below map.
=510  4\$aCrace, John Gregory, A catalogue of maps, plans and views of London, Westminster and Southwark collected and arranged by Frederick Crace (1878),$cnumber 38, page 137
=520  \\$aPlan of the London Docks with title along the top and imprint, key and reference table in panel below the plan. The boundaries of the area granted by act of Parliament in 1800 for redevelopment are highlighted in red.
=650  \0$aDocks$zEngland$zLondon$vMaps.
=651  \0$aThames River (England)$vMaps.
=651  \0$aTower Hamlets (London, England)$vMaps.
=651  \0$aLondon (England)$vMaps.
=655  \7$aMaps.$2fast$0(OCoLC)fst01423704
=700  1\$aCrace, Frederick,$d1779-1859,$eformer owner.
=700  1\$aCrace, John Gregory,$d1809-1889,$edonor.
=700  1\$aRowe, Robert,$d1775-1843,$eengraver.
=852  41$aBritish Library$bMAPS$jMaps Crace Port. 18.38
=856  41$3Copy at Maps Crace Port. 18.38$uhttp://www.bl.uk/onlinegallery/onlineex/crace/a/007000000000018u00038000.html$yDigitised map
=985  \\$aUpgraded from BL georeferencer data 2022-11-17.
=985  \\$aRecord amended for WR1606-1727
=985  \\$aUpdated by MS generated file for WR2302-017
=CAT  \\$a12842$b40$c20130801$lBLL01$h1044
=CAT  \\$a12842$b40$c20130801$lBLL01$h1136
=CAT  \\$a12842$b40$c20131024$lBLL01$h1418
=CAT  \\$a12819$b40$c20131213$lBLL01$h1743
=CAT  \\$aW1606-1727$c20160825$lBLL01$h1742
=CAT  \\$aBATCH-UPD$b00$c20181102$lBLL01$h2042
=CAT  \\$a14185$b40$c20221201$lBLL01$h1740
=CAT  \\$a14185$b40$c20221204$lBLL01$h1853
=CAT  \\$aW2302-0174$c20230223$lBLL01$h2000
=FIN  \\$aY$d20130801
=FMT  \\$a  MP
=LAS  \\$aW2302-0174$b00$c20230223$lBLL01$h2000

