=LDR  02916cem a2200565 i 4500
=001  016462982
=003  Uk
=005  20230223161758.0
=007  aj\canzn
=008  130801s1800\\\\enk||||||\a\\\\\0\\\eng|\
=034  1\$aa$b3200$dW0015809$eW0015942$fN0513040$gN0513000$2bound
=040  \\$aUk$beng$cUk$dUk$erda
=042  \\$aukblsr
=082  04$a912.4215$223
=100  1\$aFairburn, John,$d1768 or 1769-1832,$epublisher.
=245  13$aAn Accurate PLAN of the DOCKS for the WEST INDIA TRADE, and the CANAL, in the ISLE of DOGS; Begun 1800 /$cEngraved by Robert Rowe.
=255  \\$aScale approximately 1:3,200$c(W 1°58'09"--W 1°59'42"/N 51°30'40"--N 51°30'00").
=264  \1$a[London] :$bPublished by JOHN FAIRBURN, No. 146, Minories,$cMay 7th, 1800.
=300  \\$a1 map :$bcolour ;$c36 x 53 cm
=336  \\$acartographic image$2rdacontent
=337  \\$aunmediated$2rdamedia
=338  \\$asheet$2rdacarrier
=500  \\$aShows the proposed docks in the Isle of Dogs. Individual plots lettered for reference with a key and names of landholders' listed below map.
=510  4\$aCrace, John Gregory, A catalogue of maps, plans and views of London, Westminster and Southwark collected and arranged by Frederick Crace (1878),$cnumber 39, page 137
=520  \\$aPlan of the West India Docks in the Isle of Dogs with title along the top, compass star at top left and key to colours and reference table in panel below the plan. Designed by William Jessop, the docks were completed in 1802 allowing West India Company merchants to discharge their ships in four days instead of the usual four weeks.
=650  \0$aDocks$zEngland$zLondon$vMaps.
=651  \0$aThames River (England)$vMaps.
=651  \0$aTower Hamlets (London, England)$vMaps.
=651  \0$aIsle of Dogs (London, England)$vMaps.
=651  \0$aLondon (England)$vMaps.
=655  \7$aMaps.$2fast$0(OCoLC)fst01423704
=700  1\$aCrace, Frederick,$d1779-1859,$eformer owner.
=700  1\$aCrace, John Gregory,$d1809-1889,$edonor.
=700  1\$aRowe, Robert,$d1775-1843,$eengraver.
=852  41$aBritish Library$bMAPS$jMaps Crace Port. 18.39
=856  41$3Copy at Maps Crace Port. 18.39$uhttp://www.bl.uk/onlinegallery/onlineex/crace/a/007000000000018u00039000.html$yDigitised map
=985  \\$aUpgraded from BL georeferencer data 2022-11-17.
=985  \\$aRecord amended for WR1606-1727
=985  \\$aUpdated by MS generated file for WR2302-017
=CAT  \\$a12842$b40$c20130801$lBLL01$h1153
=CAT  \\$a12842$b40$c20131024$lBLL01$h1418
=CAT  \\$a12819$b40$c20131213$lBLL01$h1743
=CAT  \\$aW1606-1727$c20160825$lBLL01$h1742
=CAT  \\$aBATCH-UPD$b00$c20181102$lBLL01$h2042
=CAT  \\$a14185$b40$c20221201$lBLL01$h1740
=CAT  \\$a14185$b40$c20221204$lBLL01$h1853
=CAT  \\$aW2302-0174$c20230223$lBLL01$h2000
=FIN  \\$aY$d20130801
=FMT  \\$a  MP
=LAS  \\$aW2302-0174$b00$c20230223$lBLL01$h2000

