=LDR  02546cem a2200553 i 4500
=001  016465038
=003  Uk
=005  20230223161759.0
=007  aj\canzn
=008  130802s1834\\\\enk||||||\a\\\\\0\\\eng|\
=034  1\$aa$b53000$dW0001004$eE0000306$fN0514927$gN0512852$2bound
=040  \\$aUk$beng$cUk$dUk$erda
=042  \\$aukblsr
=082  04$a912.421$223
=082  04$a912.4218$223
=100  1\$aTelford, Thomas,$d1757-1834,$eengineer.
=245  10$aMAP of the NEW RIVER from its source near the TOWN OF WARE TO LONDON, and part of the RIVER LEA :$bLondon 17th Feby. 1834 /$cThos. Telford ; S. Arrowsmith, Lithog.
=255  \\$aScale approximately 1:53,000$c(W 0°10'04"--E 0°03'06"/N 51°49'27"--N 51°28'52").
=264  \1$a[London] :$bJames and Luke G. Hansard & Sons, Printers,$c1834.
=300  \\$a1 map :$bcolour ;$c28 x 73 cm
=336  \\$acartographic image$2rdacontent
=337  \\$aunmediated$2rdamedia
=338  \\$asheet$2rdacarrier
=500  \\$aColoured for reference with a key at lower right.
=500  \\$aTop margin: METROPOLIS WATER SUPPLY 3. Below map: 176. Ordered by The House of Commons, to be Printed 26th March 1834.
=510  4\$aCrace, John Gregory, A catalogue of maps, plans and views of London, Westminster and Southwark collected and arranged by Frederick Crace (1878),$cnumber 56, page 139
=650  \0$aWaterworks$zEngland$zLondon$vMaps.
=650  \0$aWater-supply$zEngland$zLondon,$vMaps.
=651  \0$aLea, River (England)$vMaps.
=651  \0$aHertfordshire (England)$vMaps.
=651  \0$aLondon (England)$vMaps.
=655  \7$aMaps.$2fast$0(OCoLC)fst01423704
=700  1\$aCrace, Frederick,$d1779-1859,$eformer owner.
=700  1\$aCrace, John Gregory,$d1809-1889,$edonor.
=700  1\$aArrowsmith, Samuel,$d-1839,$elithographer.
=710  2\$aJames & Luke G. Hansard & Sons, Printers.
=852  41$aBritish Library$bMAPS$jMaps Crace Port. 18.56
=856  41$3Copy at Maps Crace Port. 18.56$uhttp://www.bl.uk/onlinegallery/onlineex/crace/m/007000000000018u00056000.html$yDigitised map
=985  \\$aRecord amended for WR1606-1727
=985  \\$aUpdated by MS generated file for WR2302-017
=CAT  \\$a12842$b40$c20130802$lBLL01$h1137
=CAT  \\$a12842$b40$c20130802$lBLL01$h1658
=CAT  \\$a12842$b40$c20131024$lBLL01$h1432
=CAT  \\$a12819$b40$c20131213$lBLL01$h1743
=CAT  \\$aW1606-1727$c20160825$lBLL01$h1742
=CAT  \\$aW2302-0174$c20230223$lBLL01$h2000
=FIN  \\$aY$d20130802
=FMT  \\$a  MP
=LAS  \\$aW2302-0174$b00$c20230223$lBLL01$h2000

