=LDR  02832cem a2200553 i 4500
=001  016471102
=003  Uk
=005  20230223161800.0
=007  aj\canzn
=008  130812q1725\\\\enk||||||\a\\\\\0\\\eng|\
=034  0\$aa$dW0003957$eE0013016$fN0520445$gN0512200$2bound
=040  \\$aUk$beng$cUk$dUk$erda
=042  \\$aukblsr
=082  04$a912.4218$223
=082  04$a912.4242$223
=100  1\$aWarburton, John,$d1682-1759.
=245  12$aA New and Correct MAPP OF MIDDLESEX, ESSEX, AND HERTFORD-SHIRE, With the Roads Rivers Sea-Coast &c. /$cACTUALLY SURVEYED BY John Warburton Esq. Somerset Herald & F.R.S. Joseph Bland AND Payler Smyth, Gent ; Engraven by S. Parker.
=255  \\$aScale not given$c(W 0°39'57"--E 1°30'16"/N 52°04'45"--N 51°22'00").
=264  \1$a[London] :$b[publisher not identified],$c[1725]
=300  \\$a1 map on 6 sheets :$bcolour ;$c84 x 150 cm, sheets 63 x 34 cm or smaller
=336  \\$acartographic image$2rdacontent
=337  \\$aunmediated$2rdamedia
=338  \\$asheet$2rdacarrier
=500  \\$aDate in imprint from British map engravers by A. Baynton-Williams and L. Worms, 2011.
=500  \\$aMap is divided into squares with borders lettered and numbered for reference with towns and villages listed below map.
=500  \\$aSurrounded with the arms of 736 subscribers, some claiming arms which they were not entitled. Includes explanation notes on the arms and the map with a key to symbols.
=500  \\$aBoundaries outlined in colour.
=510  4\$aCrace, John Gregory, A catalogue of maps, plans and views of London, Westminster and Southwark collected and arranged by Frederick Crace (1878),$cnumber 11, page 142
=650  \0$aHeraldry$zEngland$vMaps$vEarly works to 1800.
=651  \0$aMiddlesex (England)$vMaps$vEarly works to 1800.
=651  \0$aHerefordshire (England)$vMaps$vEarly works to 1800.
=651  \0$aEssex (England)$vMaps$vEarly works to 1800.
=655  \7$aEarly maps.$2fast$0(OCoLC)fst01752681
=700  1\$aCrace, Frederick,$d1779-1859,$eformer owner.
=700  1\$aCrace, John Gregory,$d1809-1889,$edonor.
=700  1\$aBland, Joseph,$esurveyor.
=700  1\$aSmyth, Payler,$esurveyor.
=700  1\$aParker, Samuel,$dactive 1715-1728,$eengraver.
=852  41$aBritish Library$bMAPS$jMaps Crace Port. 19.11
=856  41$3Copy at Maps Crace Port. 19.11$uhttp://www.bl.uk/onlinegallery/onlineex/crace/a/007000000000019u00011000.html$yDigitised map
=985  \\$aRecord amended for WR1606-1727
=985  \\$aUpdated by MS generated file for WR2302-017
=CAT  \\$a12842$b40$c20130812$lBLL01$h1311
=CAT  \\$a12819$b40$c20131213$lBLL01$h1744
=CAT  \\$aW1606-1727$c20160825$lBLL01$h1743
=CAT  \\$aW2302-0174$c20230223$lBLL01$h2000
=FIN  \\$aY$d20130812
=FMT  \\$a  MP
=LAS  \\$aW2302-0174$b00$c20230223$lBLL01$h2000

