=LDR  02375cem a2200481 i 4500
=001  016471606
=003  Uk
=005  20230223161800.0
=007  aj\aanzn
=008  130813q1754\\\\xx\||||||\a\\\\\0\\\eng|\
=034  0\$aa$dW0001410$eE0000437$fN0513251$gN0512535$2bound
=040  \\$aUk$beng$cUk$dUk$erda
=042  \\$aukblsr
=082  04$a912.4218$223
=100  1\$aRocque, John,$d-1762,$ecartographer.
=245  10$a[Map of the county of Middlesex in which Parishes are bounded in red to be distinguished from others].
=255  \\$aScale not given$c(W 0°14'10"--E 0°04'37"/N 51°32'51"--N 51°25'35").
=264  \1$a[Place of publication not identified] :$b[publisher not identified],$c[1754]
=300  \\$a1 map :$bcolour ;$c48 x 68 cm
=336  \\$acartographic image$2rdacontent
=337  \\$aunmediated$2rdamedia
=338  \\$asheet$2rdacarrier
=500  \\$aDate in imprint and cartographer's name from A catalogue of maps, plans and views of London, Westminster and Southwark collected and arranged by Frederick Crace, 1878.
=500  \\$aParishes outlined in colour, lettered and numbered for reference with explanation note and an index at the upper right.
=500  \\$aBuilt-up areas in the City of London and Westminster stippled.
=510  4\$aCrace, John Gregory, A catalogue of maps, plans and views of London, Westminster and Southwark collected and arranged by Frederick Crace (1878),$cnumber 20, page
=651  \0$aMiddlesex (England)$vMaps$vEarly works to 1800.
=651  \0$aLondon (England)$vMaps$vEarly works to 1800.
=655  \7$aEarly maps.$2fast$0(OCoLC)fst01752681
=700  1\$aCrace, Frederick,$d1779-1859,$eformer owner.
=700  1\$aCrace, John Gregory,$d1809-1889,$edonor.
=852  41$aBritish Library$bMAPS$jMaps Crace Port. 19.20
=856  41$3Copy at Maps Crace Port. 19.20$uhttp://www.bl.uk/onlinegallery/onlineex/crace/other/007zzz000000019u00020000.html$yDigitised map
=985  \\$aRecord amended for WR1606-1727
=985  \\$aUpdated by MS generated file for WR2302-017
=CAT  \\$a12842$b40$c20130813$lBLL01$h1220
=CAT  \\$a12842$b40$c20130813$lBLL01$h1221
=CAT  \\$a12819$b40$c20131213$lBLL01$h1745
=CAT  \\$aW1606-1727$c20160825$lBLL01$h1742
=CAT  \\$aW2302-0174$c20230223$lBLL01$h2000
=FIN  \\$aY$d20130813
=FMT  \\$a  MP
=LAS  \\$aW2302-0174$b00$c20230223$lBLL01$h2000

