=LDR  02926cem a2200505 i 4500
=001  016473897
=003  Uk
=005  20230223161801.0
=007  aj\aanzn
=008  130814s1754\\\\enk||||||\a\\\\\0\\\eng|\
=034  0\$aa$dW0002105$eE0000442$fN0513507$gN0512305$2bound
=040  \\$aUk$beng$cUk$dUk$erda
=042  \\$aukblsr
=082  04$a912.421$223
=100  1\$aRocque, John,$d-1762,$epublisher.
=245  12$aA PLAN of LONDON on the Same Scale as that of PARIS /$cBy J. Rocque ; R. Parr Sculp.
=246  11$aPLAN de LONDRES, &c. Sur la même Echelle que Celui de PARIS, afin de constater la Difference en Grandeur de ces deux Rivals
=255  \\$aScale not given$c(W 0°21'05"--E 0°04'42"/N 51°35'07"--N 51°23'05").
=264  \1$aLondon :$bBy J. Rocque Chorographer to His Royal Highness the Prince of Wales, in the Strand,$c1754.
=300  \\$a1 map ;$c43 x 62 cm
=336  \\$acartographic image$2rdacontent
=337  \\$aunmediated$2rdamedia
=338  \\$asheet$2rdacarrier
=500  \\$aContains dedication from John Rocque to John, Duke of Montague with his coat of arms at bottom centre.
=500  \\$aFirst edition.
=500  \\$aTitle continues: 'In Order to ascertain the Difference of the Extent of these two Rivals, the Abbe de la Grive's Plan of Paris, & that of London by J. Rocque have been divided into equal Squares where London Contains 39, and Paris but 29, So that the Superfice of London is to that of Paris as 39 to 29 or as 5455 Acres to 4028, London therefore exceeds Paris, by 1427 Acres, the former being 8 1/2 Square Miles & Paris only 6 1/3.'.
=510  4\$aCrace, John Gregory, A catalogue of maps, plans and views of London, Westminster and Southwark collected and arranged by Frederick Crace (1878),$cnumber 21, page 143
=510  4\$aHowgego, James. Printed maps of London,$bcirca 1553-1850,$cnumber 101 (1), pages 100-101
=510  4\$aCrace, John Gregory, A catalogue of maps, plans and views of London, Westminster and Southwark collected and arranged by Frederick Crace (1878),$cnumber 20, page
=651  \0$aLondon (England)$vMaps$vEarly works to 1800.
=655  \7$aEarly maps.$2fast$0(OCoLC)fst01752681
=700  1\$aCrace, Frederick,$d1779-1859,$eformer owner.
=700  1\$aCrace, John Gregory,$d1809-1889,$edonor.
=700  1\$aParr, Richard,$eengraver.
=852  41$aBritish Library$bMAPS$jMaps Crace Port. 19.21
=856  41$3Copy at Maps Crace Port. 19.21$uhttp://www.bl.uk/onlinegallery/onlineex/crace/a/007zzz000000019u00021000.html$yDigitised map
=985  \\$aRecord amended for WR1606-1727
=985  \\$aUpdated by MS generated file for WR2302-017
=CAT  \\$a12842$b40$c20130814$lBLL01$h1045
=CAT  \\$a12819$b40$c20131213$lBLL01$h1745
=CAT  \\$aW1606-1727$c20160825$lBLL01$h1742
=CAT  \\$aW2302-0174$c20230223$lBLL01$h2000
=FIN  \\$aY$d20130814
=FMT  \\$a  MP
=LAS  \\$aW2302-0174$b00$c20230223$lBLL01$h2000

