=LDR  02086cem a2200457 i 4500
=001  016473977
=003  Uk
=005  20230223161802.0
=007  aj\aanzn
=008  130814s1757\\\\enk||||||\a\\\\\0\\\eng|\
=034  0\$aa$dW0003424$eE0000442$fN0513933$gN0512240$2bound
=040  \\$aUk$beng$cUk$dUk$erda
=042  \\$aukblsr
=082  04$a912.4218$223
=100  1\$aRocque, John,$d-1762,$epublisher.
=245  12$aA Map of the County of Middlesex Reduced from an Actual Survey in four Sheets /$cBy John Rocque.
=246  11$aCarte de la PROVINCE de MIDDLESEX reduite D'apres un arpantage en quaire feuilles Par Jean Rocque
=255  \\$aScale not given$c(W 0°34'24"--E 0°04'42"/N 51°39'33"--N 51°22'40").
=264  \1$a[London] :$bPublished by J. Rocque in the Strand,$c1757.
=300  \\$a1 map ;$c50 x 68 cm
=336  \\$acartographic image$2rdacontent
=337  \\$aunmediated$2rdamedia
=338  \\$asheet$2rdacarrier
=500  \\$aIncludes a descriptive note in English and French at upper right.
=510  4\$aCrace, John Gregory, A catalogue of maps, plans and views of London, Westminster and Southwark collected and arranged by Frederick Crace (1878),$cnumber 22, page 143
=651  \0$aMiddlesex (England)$vMaps$vEarly works to 1800.
=651  \0$aLondon (England)$vMaps$vEarly works to 1800.
=655  \7$aEarly maps.$2fast$0(OCoLC)fst01752681
=700  1\$aCrace, Frederick,$d1779-1859,$eformer owner.
=700  1\$aCrace, John Gregory,$d1809-1889,$edonor.
=852  41$aBritish Library$bMAPS$jMaps Crace Port. 19.22
=856  41$3Copy at Maps Crace Port. 19.22$uhttp://www.bl.uk/onlinegallery/onlineex/crace/a/007zzz000000019u00022000.html$yDigitised map
=985  \\$aRecord amended for WR1606-1727
=985  \\$aUpdated by MS generated file for WR2302-017
=CAT  \\$a12842$b40$c20130814$lBLL01$h1119
=CAT  \\$a12819$b40$c20131213$lBLL01$h1746
=CAT  \\$aW1606-1727$c20160825$lBLL01$h1742
=CAT  \\$aW2302-0174$c20230223$lBLL01$h2000
=FIN  \\$aY$d20130814
=FMT  \\$a  MP
=LAS  \\$aW2302-0174$b00$c20230223$lBLL01$h2000

