=LDR  02299cem a2200481 i 4500
=001  016474023
=003  Uk
=005  20230223161802.0
=007  aj\aanzn
=008  130814s1754\\\\ne\||||||\a\\\\\0\\\dut|\
=034  1\$aa$b63500$dW0001329$eE0000340$fN0513437$gN0512714$2bound
=040  \\$aUk$beng$cUk$dUk$erda
=042  \\$aukblsr
=082  04$a912.4218$223
=100  1\$aTirion, Isaak,$d1705-1769,$epublisher.
=245  10$aKAART VAN LONDEN ENZ en van het NABY GELEGEN LAND ruim een Uur gaans rondsom dezelve Stad; getrokken uit de groote gemeeten Kaart /$cvan de Hr JOHN ROCQUE.
=255  \\$aScale approximately 1:63,500$c(W 0°13'29"--E 0°03'40"/N 51°34'37"--N 51°27'14").
=264  \1$aTE AMSTERDAM :$bby ISAAK TIRION,$c1754.
=300  \\$a1 map ;$c28 x 41 cm
=336  \\$acartographic image$2rdacontent
=337  \\$aunmediated$2rdamedia
=338  \\$asheet$2rdacarrier
=500  \\$aNumbered and lettered for reference with an index below title at upper left.
=500  \\$aBased on Rocque's 'An Exact survey of the City's of London, Westminster and ye Borough of Southwark' from 1746.
=510  4\$aCrace, John Gregory, A catalogue of maps, plans and views of London, Westminster and Southwark collected and arranged by Frederick Crace (1878),$cnumber 23, page 143
=510  4\$aHowgego, James. Printed maps of London,$bcirca 1553-1850,$cnumber 102, page 101
=651  \0$aLondon (England)$vMaps$vEarly works to 1800.
=655  \7$aEarly maps.$2fast$0(OCoLC)fst01752681
=700  1\$aCrace, Frederick,$d1779-1859,$eformer owner.
=700  1\$aCrace, John Gregory,$d1809-1889,$edonor.
=700  1\$aRocque, John,$d-1762.
=852  41$aBritish Library$bMAPS$jMaps Crace Port. 19.23
=856  41$3Copy at Maps Crace Port. 19.23$uhttp://www.bl.uk/onlinegallery/onlineex/crace/k/007zzz000000019u00023000.html$yDigitised map
=985  \\$aRecord amended for WR1606-1727
=985  \\$aUpdated by MS generated file for WR2302-017
=CAT  \\$a12842$b40$c20130814$lBLL01$h1145
=CAT  \\$a12819$b40$c20131213$lBLL01$h1746
=CAT  \\$aW1606-1727$c20160825$lBLL01$h1742
=CAT  \\$aBATCH-UPD$b00$c20200203$lBLL01$h2142
=CAT  \\$aW2302-0174$c20230223$lBLL01$h2000
=FIN  \\$aY$d20130814
=FMT  \\$a  MP
=LAS  \\$aW2302-0174$b00$c20230223$lBLL01$h2000

