=LDR  02592cem a2200541 i 4500
=001  016474109
=003  Uk
=005  20230223161802.0
=007  aj\aanzn
=008  130814s1758\\\\enk||||||\a\\\\\0\\\eng|\
=034  0\$aa$dW0002100$eE0000419$fN0513506$gN0512309$2bound
=040  \\$aUk$beng$cUk$dUk$erda
=042  \\$aukblsr
=082  04$a912.4218$223
=100  1\$aParker, Henry,$epublisher.
=245  12$aA New and Accurate Survey of the Country about the Cities of LONDON, and WESTMINSTER and the Borough of Southwark :$bFor 15 Miles in Length, & 12 in Depth In which is contain'd all the Main & Cross Roads &c. to this present Year 1758 /$cR. Bennett Sculp.
=255  \\$aScale not given$c(W 0°21'00"--E 0°04'19"/N 51°35'06"--N 51°23'09").
=264  \1$aLondon :$bPrinted for H. Parker & E. Bakwell opposite Birchin Lane in Cornhill,$c1758.
=300  \\$a1 map ;$c31 x 42 cm
=336  \\$acartographic image$2rdacontent
=337  \\$aunmediated$2rdamedia
=338  \\$asheet$2rdacarrier
=500  \\$aFirst edition. Later published with date in title altered to 1759.
=500  \\$aRelief shown by hachures.
=510  4\$aCrace, John Gregory, A catalogue of maps, plans and views of London, Westminster and Southwark collected and arranged by Frederick Crace (1878),$cnumber 24, page 143
=510  4\$aHowgego, James. Printed maps of London,$bcirca 1553-1850,$cnumber 111, page 106
=651  \0$aMiddlesex (England)$vMaps$vEarly works to 1800.
=651  \0$aLondon (England)$vMaps$vEarly works to 1800.
=655  \7$aEarly maps.$2fast$0(OCoLC)fst01752681
=700  1\$aCrace, Frederick,$d1779-1859,$eformer owner.
=700  1\$aCrace, John Gregory,$d1809-1889,$edonor.
=700  1\$aBakewell, Elizabeth,$dactive 1749-1762,$epublisher.
=700  1\$aBennett, R.$q(Richard),$eengraver.
=852  41$aBritish Library$bMAPS$jMaps Crace Port. 19.24
=856  41$3Copy at Maps Crace Port. 19.24$uhttp://www.bl.uk/onlinegallery/onlineex/crace/a/007zzz000000019u00024000.html$yDigitised map
=985  \\$a100 & 700=NEW
=985  \\$aRecord amended for WR1606-1727
=985  \\$aUpdated by MS generated file for WR2302-017
=CAT  \\$a12842$b40$c20130814$lBLL01$h1259
=CAT  \\$a12842$b40$c20130814$lBLL01$h1304
=CAT  \\$a12842$b40$c20130814$lBLL01$h1305
=CAT  \\$a12819$b40$c20131213$lBLL01$h1746
=CAT  \\$aBATCH-UPD$b40$c20140317$lBLL01$h2055
=CAT  \\$aW1606-1727$c20160825$lBLL01$h1742
=CAT  \\$aW2302-0174$c20230223$lBLL01$h2000
=FIN  \\$aY$d20130814
=FMT  \\$a  MP
=LAS  \\$aW2302-0174$b00$c20230223$lBLL01$h2000

