=LDR  02316cem a2200481 i 4500
=001  016474178
=003  Uk
=005  20230223161802.0
=007  aj\aanzn
=008  130814q1770\\\\enk||||||\a\\\\\0\\\eng|\
=034  1\$aa$b200000$dW0003644$eE0002433$fN0514924$gN0511327$2bound
=040  \\$aUk$beng$cUk$dUk$erda
=042  \\$aukblsr
=082  04$a912.4218$223
=100  1\$aBowen, Thomas,$d-1790.
=245  12$aA NEW and CORRECT MAP of the COUNTRIES TWENTY MILES Round LONDON /$cBy Thos. Bowen.
=255  \\$aScale approximately 1:200,000$c(W 0°36'44"--E 0°24'33"/N 51°49'24"--N 51°13'27").
=264  \1$a[London] :$b[Printed for J. Cooke, at Shakespear's-Head No 17, Pater-Noster Row],$c[1770]
=300  \\$a1 map ;$c32 x 35 cm
=336  \\$acartographic image$2rdacontent
=337  \\$aunmediated$2rdamedia
=338  \\$asheet$2rdacarrier
=500  \\$aPublished in 'A New and Compleat History and Survey of the Cities of London and Westminster' by Henry Chamberlain from 1770.
=500  \\$aImprint from London illustrated by B. Adams.
=510  4\$aCrace, John Gregory, A catalogue of maps, plans and views of London, Westminster and Southwark collected and arranged by Frederick Crace (1878),$cnumber 25, page 143
=510  4\$aAdams, Bernard, London illustrated (1983),$b1604-1851,$cnumber 48 (68), page 121
=510  4\$aHowgego, James. Printed maps of London,$bcirca 1553-1850,$cnumber 147, page 122
=651  \0$aMiddlesex (England)$vMaps$vEarly works to 1800.
=651  \0$aLondon (England)$vMaps$vEarly works to 1800.
=655  \7$aEarly maps.$2fast$0(OCoLC)fst01752681
=700  1\$aCrace, Frederick,$d1779-1859,$eformer owner.
=700  1\$aCrace, John Gregory,$d1809-1889,$edonor.
=852  41$aBritish Library$bMAPS$jMaps Crace Port. 19.25
=856  41$3Copy at Maps Crace Port. 19.25$uhttp://www.bl.uk/onlinegallery/onlineex/crace/a/007zzz000000019u00025000.html$yDigitised map
=985  \\$aRecord amended for WR1606-1727
=985  \\$aUpdated by MS generated file for WR2302-017
=CAT  \\$a12842$b40$c20130814$lBLL01$h1350
=CAT  \\$a12819$b40$c20131213$lBLL01$h1747
=CAT  \\$aW1606-1727$c20160825$lBLL01$h1742
=CAT  \\$aW2302-0174$c20230223$lBLL01$h2000
=FIN  \\$aY$d20130814
=FMT  \\$a  MP
=LAS  \\$aW2302-0174$b00$c20230223$lBLL01$h2000

