=LDR  02360cem a2200493 i 4500
=001  016474257
=003  Uk
=005  20230223161802.0
=007  aj\canzn
=008  130814s1782\\\\enk||||||\a\\\\\0\\\eng|\
=034  0\$aa$dW0003639$eE0002433$fN0514608$gN0511540$2bound
=040  \\$aUk$beng$cUk$dUk$erda
=042  \\$aukblsr
=082  04$a912.4218$223
=100  1\$aFielding, John$c(Bookseller),$epublisher.
=245  13$aAn accurate MAP of the Country TWENTY MILES round LONDON, From GRAVESEND to WINDSOR East and West, and from ST. ALBANS to WESTERHAM North and South, with the CIRCUIT of the PENNY POST /$cJ. Cary sculp.
=255  \\$aScale not given$c(W 0°36'39"--E 0°24'33"/N 51°46'08"--N 51°15'40").
=264  \1$aLondon :$bPublished by I. Fielding No. 23, Pater-noster Row,$cJuly 1, 1782.
=300  \\$a1 map :$bcolour ;$c27 x 33 cm
=336  \\$acartographic image$2rdacontent
=337  \\$aunmediated$2rdamedia
=338  \\$asheet$2rdacarrier
=500  \\$aTop right: Engraved for Fielding's London Guide.
=500  \\$aBorders outlined in colour.
=510  4\$aCrace, John Gregory, A catalogue of maps, plans and views of London, Westminster and Southwark collected and arranged by Frederick Crace (1878),$cnumber 26, page 143
=510  4\$aHowgego, James. Printed maps of London,$bcirca 1553-1850,$cnumber 174, pages 136-137
=651  \0$aMiddlesex (England)$vMaps$vEarly works to 1800.
=651  \0$aLondon (England)$vMaps$vEarly works to 1800.
=655  \7$aEarly maps.$2fast$0(OCoLC)fst01752681
=700  1\$aCrace, Frederick,$d1779-1859,$eformer owner.
=700  1\$aCrace, John Gregory,$d1809-1889,$edonor.
=700  1\$aCary, John,$dapproximately 1754-1835,$eengraver.
=852  41$aBritish Library$bMAPS$jMaps Crace Port. 19.26
=856  41$3Copy at Maps Crace Port. 19.26$uhttp://www.bl.uk/onlinegallery/onlineex/crace/a/007zzz000000019u00026000.html$yDigitised map
=985  \\$aRecord amended for WR1606-1727
=985  \\$aUpdated by MS generated file for WR2302-017
=CAT  \\$a12842$b40$c20130814$lBLL01$h1418
=CAT  \\$aBATCH-UPD$b40$c20130819$lBLL01$h1623
=CAT  \\$a12819$b40$c20131213$lBLL01$h1747
=CAT  \\$aW1606-1727$c20160825$lBLL01$h1742
=CAT  \\$aW2302-0174$c20230223$lBLL01$h2000
=FIN  \\$aY$d20130814
=FMT  \\$a  MP
=LAS  \\$aW2302-0174$b00$c20230223$lBLL01$h2000

