=LDR  02331cem a2200469 i 4500
=001  016474293
=003  Uk
=005  20230223161802.0
=007  aj\aanzn
=008  130814s1790\\\\enk||||||\a\\\\\0\\\eng|\
=034  1\$aa$b130000$dW0003654$eE0002520$fN0515114$gN0511314$2bound
=040  \\$aUk$beng$cUk$dUk$erda
=042  \\$aukblsr
=082  04$a912.4218$223
=100  1\$aFaden, William,$d1749-1836,$ecartographer,$epublisher.
=245  12$aA TOPOGRAPHICAL MAP OF THE COUNTRY TWENTY MILES ROUND LONDON, :$bplanned from a Scale of TWO MILES to an INCH /$cBy WILL:M FADEN GEOGRAPHER to the KING.
=255  \\$aScale approximately 1:130,000$c(W 0°36'54"--E 0°25'20"/N 51°51'14"--N 51°13'14").
=264  \1$aLONDON :$bPublished by W. FADEN, Charing Cross,$cJan.y 1st 1790.
=300  \\$a1 map ;$c56 cm in diameter, on sheet 64 x 62 cm
=336  \\$acartographic image$2rdacontent
=337  \\$aunmediated$2rdamedia
=338  \\$asheet$2rdacarrier
=500  \\$aFirst edition. Later published with date in imprint changed to 1800 and 1818.
=500  \\$aIncludes an explanation note and a list of main roads to and from London at the lower left and right.
=510  4\$aCrace, John Gregory, A catalogue of maps, plans and views of London, Westminster and Southwark collected and arranged by Frederick Crace (1878),$cnumber 27, page 143
=510  4\$aHowgego, James. Printed maps of London,$bcirca 1553-1850,$cnumber 193, page 153
=651  \0$aMiddlesex (England)$vMaps$vEarly works to 1800.
=651  \0$aLondon (England)$vMaps$vEarly works to 1800.
=655  \7$aEarly maps.$2fast$0(OCoLC)fst01752681
=700  1\$aCrace, Frederick,$d1779-1859,$eformer owner.
=700  1\$aCrace, John Gregory,$d1809-1889,$edonor.
=852  41$aBritish Library$bMAPS$jMaps Crace Port. 19.27
=856  41$3Copy at Maps Crace Port. 19.27$uhttp://www.bl.uk/onlinegallery/onlineex/crace/a/007zzz000000019u00027000.html$yDigitised map
=985  \\$aRecord amended for WR1606-1727
=985  \\$aUpdated by MS generated file for WR2302-017
=CAT  \\$a12842$b40$c20130814$lBLL01$h1440
=CAT  \\$a12819$b40$c20131213$lBLL01$h1747
=CAT  \\$aW1606-1727$c20160825$lBLL01$h1742
=CAT  \\$aW2302-0174$c20230223$lBLL01$h2000
=FIN  \\$aY$d20130814
=FMT  \\$a  MP
=LAS  \\$aW2302-0174$b00$c20230223$lBLL01$h2000

