=LDR  02534cem a2200505 i 4500
=001  016474408
=003  Uk
=005  20230223161802.0
=007  aj\canzn
=008  130814s1800\\\\enk||||||\a\\\\\0\\\eng|\
=034  1\$aa$b31680$dW0001546$eW0000519$fN0513042$gN0512248$2bound
=040  \\$aUk$beng$cUk$dUk$erda
=042  \\$aukblsr
=082  04$a912.421$223
=100  1\$aMilne, Thomas,$esurveyor,$eengraver,$epublisher.
=245  10$a[Milne's plan of the cities of London and Westminster circumjacent towns and parishes &c. laid down from a trigonomertical survey taken in the years 1795-1799] /$cSurvey'd & Engraved by Thos. Milne.
=255  \\$aScale approximately 1:31,680$c(W 0°15'46"--W 0°05'19"/N 51°30'42"--N 51°22'48").
=264  \1$aLondon :$bPrinted for & Published by Thomas Milne No. 7 New-street Knightsbridge,$c11th March 1800.
=300  \\$a1 map :$bcolour ;$c50 x 42 cm
=336  \\$acartographic image$2rdacontent
=337  \\$aunmediated$2rdamedia
=338  \\$asheet$2rdacarrier
=500  \\$aTitle from Printed maps of London by J. Howgego, 1978.
=500  \\$aPlate III of six.
=500  \\$aField boundaries shown and the ground is lettered and coloured to show use with an explanation at upper left and right.
=510  4\$aCrace, John Gregory, A catalogue of maps, plans and views of London, Westminster and Southwark collected and arranged by Frederick Crace (1878),$cnumber 28, page 144
=510  4\$aHowgego, James. Printed maps of London,$bcirca 1553-1850,$cnumber 221, page 170
=650  \0$aLand use$zEngland$zLondon$vMaps$vEarly works to 1800.
=651  \0$aSurrey (England)$vMaps$vEarly works to 1800.
=651  \0$aLondon (England)$vMaps$vEarly works to 1800.
=655  \7$aEarly maps.$2fast$0(OCoLC)fst01752681
=700  1\$aCrace, Frederick,$d1779-1859,$eformer owner.
=700  1\$aCrace, John Gregory,$d1809-1889,$edonor.
=852  41$aBritish Library$bMAPS$jMaps Crace Port. 19.28
=856  41$3Copy at Maps Crace Port. 19.28$uhttp://www.bl.uk/onlinegallery/onlineex/crace/m/007zzz000000019u00028000.html$yDigitised map
=985  \\$aRecord amended for WR1606-1727
=985  \\$aUpdated by MS generated file for WR2302-017
=CAT  \\$a12842$b40$c20130814$lBLL01$h1623
=CAT  \\$a12819$b40$c20131213$lBLL01$h1748
=CAT  \\$a12842$b40$c20140320$lBLL01$h1020
=CAT  \\$aW1606-1727$c20160825$lBLL01$h1742
=CAT  \\$aW2302-0174$c20230223$lBLL01$h2000
=FIN  \\$aY$d20130814
=FMT  \\$a  MP
=LAS  \\$aW2302-0174$b00$c20230223$lBLL01$h2000

