=LDR  02721cem a2200517 i 4500
=001  016479269
=003  Uk
=005  20230223161803.0
=007  aj\canzn
=008  130821s1806\\\\enk||||||\a\\\\\0\\\eng|\
=034  1\$aa$b150000$dW0004400$eE0003400$fN0515600$gN0510400$2bound
=040  \\$aUk$beng$cUk$dUk$erda
=042  \\$aukblsr
=082  04$a912.4218$223
=100  1\$aAndrews, John,$d1736-1809,$esurveyor,$eengraver.
=245  10$aANDREW'S NEW AND ACCURATE MAP OF THE COUNTRY THIRTY MILES ROUND LONDON, :$bon which are Delineated from an ACTUAL SURVEY, His MAJESTY'S Palaces, Noblemen and Gentlemens Seats, CITIES, MARKET TOWNS, Villages, Churches, Rivers, Parks, Heaths, & Remarkable Hills, all the Turnpike & most of the Cross Roads, with the Distances from Town to Town according to the Mile Stones /$cThe Writing Engrav'd by W. Haydon Little Mays Buildings ; Drawn & Engrav'd by J. Andrews.
=255  \\$aScale approximately 1:150,000$c(W 0°44'00"--E 0°34'00"/N 51°56'00"--N 51°04'00").
=264  \1$aLONDON :$bPublished & Sold by JAMES HESKETT, No. 13, Sweetings Alley, Royal Exchange,$cJuly 14th, 1806.
=300  \\$a1 map :$bcolour ;$c60 x 63 cm
=336  \\$acartographic image$2rdacontent
=337  \\$aunmediated$2rdamedia
=338  \\$asheet$2rdacarrier
=500  \\$aSecond edition. First published by John Andrews in 1782.
=500  \\$aCounty boundaries outlined in colour.
=510  4\$aCrace, John Gregory, A catalogue of maps, plans and views of London, Westminster and Southwark collected and arranged by Frederick Crace (1878),$cnumber 29, page 144
=510  4\$aHowgego, James. Printed maps of London,$bcirca 1553-1850,$cnumber 172 (2), pages 135-136
=651  \0$aMiddlesex (England)$vMaps.
=651  \0$aLondon (England)$vMaps.
=655  \7$aMaps.$2fast$0(OCoLC)fst01423704
=700  1\$aCrace, Frederick,$d1779-1859,$eformer owner.
=700  1\$aCrace, John Gregory,$d1809-1889,$edonor.
=700  1\$aHaydon, William,$dactive 1776-1783,$eengraver.
=700  1\$aHeskett, James,$epublisher.
=852  41$aBritish Library$bMAPS$jMaps Crace Port. 19.29
=856  41$3Copy at Maps Crace Port. 19.29$uhttp://www.bl.uk/onlinegallery/onlineex/crace/a/007zzz000000019u00029000.html$yDigitised map
=985  \\$a700=NEW
=985  \\$aRecord amended for WR1606-1727
=985  \\$aUpdated by MS generated file for WR2302-017
=CAT  \\$a12842$b40$c20130821$lBLL01$h1132
=CAT  \\$a12842$b40$c20131024$lBLL01$h1437
=CAT  \\$a12819$b40$c20131213$lBLL01$h1748
=CAT  \\$aW1606-1727$c20160825$lBLL01$h1742
=CAT  \\$aW2302-0174$c20230223$lBLL01$h2000
=FIN  \\$aY$d20130821
=FMT  \\$a  MP
=LAS  \\$aW2302-0174$b00$c20230223$lBLL01$h2000

