=LDR  03295cem a2200613 i 4500
=001  016484601
=003  Uk
=005  20230223161805.0
=007  aj\canzn
=008  130829s1841\\\\enk||||||\a\\\\\0\\\eng|\
=034  1\$aa$b4000$dW0015620$eW0015834$fN0513251$gN0513135$2bound
=040  \\$aUk$beng$cUk$dUk$erda
=042  \\$aukblsr
=082  04$a912.4215$223
=100  1\$aPennethorne, James,$cSir,$d1801-1871,$earchitect.
=245  10$aPLAN FOR LAYING OUT THE PROPOSED Eastern Park TO BE CALLED VICTORIA PARK /$cThomas Chawner, James Pennethorne, June, 4th, 1841 ; Standidge & Co. Litho, London.
=255  \\$aScale approximately 1:4,000$c(W 1°56'20"--W 1°58'34"/N 51°32'51"--N 51°31'35").
=264  \1$a[London] :$bJames & Luke J. Hansard Printers,$c1841.
=300  \\$a1 map :$bcolour ;$c28 x 61 cm
=336  \\$acartographic image$2rdacontent
=337  \\$aunmediated$2rdamedia
=338  \\$asheet$2rdacarrier
=500  \\$aAbove title: APPENDIX NO. 20. Top margin: 18TH REPORT WOODS FORESTS, & LAND REVENUES. Below plan: 426. Ordered by the House of Commons to be printed 21 June 1841.
=500  \\$aVictoria Park was opened to the public in 1845.
=510  4\$aCrace, John Gregory, A catalogue of maps, plans and views of London, Westminster and Southwark collected and arranged by Frederick Crace (1878),$cnumber 43, page 145
=520  \\$aThe title and imprint of the proposed park in Hackney with title appear at top centre,with a scale bar at bottom centre. The plan was commissioned by the House of Commons and issued in the 18th report of the Commission of Wood, Forests and Land Revenues. The project of a public park in the East End of London was financed by the sale of York House in St. James, Piccadilly. The park, designed by Pennethorne, opened to the public in 1845.
=650  \0$aParks$zEngland$zLondon$vMaps.
=650  \0$aCity planning$zEngland$zLondon$vMaps.
=651  \0$aVictoria Park (London, England)$vMaps.
=651  \0$aTower Hamlets (London, England)$vMaps.
=651  \0$aLondon (England)$vMaps.
=655  \7$aMaps.$2fast$0(OCoLC)fst01423704
=700  1\$aCrace, Frederick,$d1779-1859,$eformer owner.
=700  1\$aCrace, John Gregory,$d1809-1889,$edonor.
=700  1\$aChawner, Thomas,$d1774-1851,$earchitect.
=710  2\$aJames & Luke G. Hansard & Sons, Printers.
=710  2\$aStandidge & Co.,$elithographer.
=852  41$aBritish Library$bMAPS$jMaps Crace Port. 19.43.(1.)
=856  41$3Copy at Maps Crace Port. 19.43.(1.)$uhttp://www.bl.uk/onlinegallery/onlineex/crace/p/007000000000019u000430a0.html$yDigitised map
=985  \\$aUpgraded from BL georeferencer data 2022-11-17.
=985  \\$aRecord amended for WR1606-1727
=985  \\$aUpdated by MS generated file for WR2302-017
=CAT  \\$a12842$b40$c20130829$lBLL01$h1203
=CAT  \\$a12842$b40$c20130829$lBLL01$h1420
=CAT  \\$a12842$b40$c20131024$lBLL01$h1441
=CAT  \\$a12819$b40$c20131213$lBLL01$h1748
=CAT  \\$aBATCH-UPD$b40$c20160224$lBLL01$h1710
=CAT  \\$aW1606-1727$c20160825$lBLL01$h1742
=CAT  \\$a14185$b40$c20221201$lBLL01$h1740
=CAT  \\$a14185$b40$c20221204$lBLL01$h1854
=CAT  \\$aW2302-0174$c20230223$lBLL01$h2000
=FIN  \\$aY$d20130829
=FMT  \\$a  MP
=LAS  \\$aW2302-0174$b00$c20230223$lBLL01$h2000

