=LDR  02423cem a2200481 i 4500
=001  016484750
=003  Uk
=005  20230223161805.0
=007  aj\canzn
=008  130829s1830\\\\enk||||||\a\\\\\0\\\eng|\
=034  0\$aa$dW0001041$eE0000014$fN0513307$gN0512819$2bound
=040  \\$aUk$beng$cUk$dUk$erda
=042  \\$aukblsr
=082  04$a912.421$223
=100  1\$aBasire, James,$d1796-1869,$eengraver.
=245  10$aMap of London, shewing the BOUNDARIES OF THE GENERAL and Two Penny Post Deliveries, the Divisions or DISTRICTS of the TWO PENNY POST, and the number and situation of the GENERAL and TWO PENNY POST Receiving Houses /$cT.M. MUSGRAVE Comptroller ; James Basire sculp.
=255  \\$aScale not given$c(W 0°10'41"--E 0°00'14"/N 51°33'07"--N 51°28'19").
=264  \1$a[London] :$bJames & Luke G. Hansard & Sons, Printers,$c1830.
=300  \\$a1 map :$bcolour ;$c37 x 49 cm
=336  \\$acartographic image$2rdacontent
=337  \\$aunmediated$2rdamedia
=338  \\$asheet$2rdacarrier
=500  \\$aTop margin: 2. TWENTY FIRST REPORT OF COMMISSIONERS OF REVENUE INQUIRY. Appendix No. 38. Below plan: 94. Ordered by the HOUSE OF COMMONS, to be Printed 3rd March, 1830.
=500  \\$aDivisions numbered and outlined in colour for reference with a key below map.
=510  4\$aCrace, John Gregory, A catalogue of maps, plans and views of London, Westminster and Southwark collected and arranged by Frederick Crace (1878),$cnumber 46, page 146
=650  \0$aPostal service$zEngland$zLondon$vMaps.
=651  \0$aLondon (England)$vMaps.
=655  \7$aMaps.$2fast$0(OCoLC)fst01423704
=700  1\$aCrace, Frederick,$d1779-1859,$eformer owner.
=700  1\$aCrace, John Gregory,$d1809-1889,$edonor.
=710  2\$aJames & Luke G. Hansard & Sons, Printers.
=852  41$aBritish Library$bMAPS$jMaps Crace Port. 19.46
=856  41$3Copy at Maps Crace Port. 19.46$uhttp://www.bl.uk/onlinegallery/onlineex/crace/m/007000000000019u00046000.html$yDigitised map
=985  \\$aRecord amended for WR1606-1727
=985  \\$aUpdated by MS generated file for WR2302-017
=CAT  \\$a12842$b40$c20130829$lBLL01$h1538
=CAT  \\$a12842$b40$c20131024$lBLL01$h1441
=CAT  \\$a12819$b40$c20131213$lBLL01$h1749
=CAT  \\$aW1606-1727$c20160825$lBLL01$h1742
=CAT  \\$aW2302-0174$c20230223$lBLL01$h2000
=FIN  \\$aY$d20130829
=FMT  \\$a  MP
=LAS  \\$aW2302-0174$b00$c20230223$lBLL01$h2000

