=LDR  02564cem a2200505 i 4500
=001  016484788
=003  Uk
=005  20230223161805.0
=007  aj\canzn
=008  130829s1830\\\\enk||||||\a\\\\\0\\\eng|\
=034  0\$aa$dW0002505$eE0001517$fN0514036$gN0512032$2bound
=040  \\$aUk$beng$cUk$dUk$erda
=042  \\$aukblsr
=082  04$a912.421$223
=100  1\$aArrowsmith, Aaron,$cJr.,$d1802-1854,$eengraver.
=245  10$aMAP SHEWING THE SEVERAL WALKS OR DELIVERIES IN THE COUNTRY DISTRICTS OF THE TWOPENNY POST, :$bWith the Rides to which they are attached numbered to correspond with the figures on the accompanying List /$cA. Arrowsmith.
=255  \\$aScale not given$c(W 0°25'05"--E 0°15'17"/N 51°40'36"--N 51°20'32").
=264  \1$a[London] :$bJames & Luke Hansard & Sons, Printers,$c1830.
=300  \\$a1 map :$bcolour ;$c44 x 53 cm
=336  \\$acartographic image$2rdacontent
=337  \\$aunmediated$2rdamedia
=338  \\$asheet$2rdacarrier
=500  \\$aTop margin: 3. TWENTY-FIRST REPORT OF COMMISSIONERS OF REVENUE INQUIRY. App. (No. 39). Below plan: 94. Ordered by the House of Commons to be Printed, 3 March, 1830.
=500  \\$aRides and delivery walks in the Two-Penny Country Post outlined in colour and numbered for reference and listed in a table at the bottom right-hand corner.
=510  4\$aCrace, John Gregory, A catalogue of maps, plans and views of London, Westminster and Southwark collected and arranged by Frederick Crace (1878),$cnumber 47, page 146
=650  \0$aPostal service$zEngland$zLondon$xHistory$vMaps.
=651  \0$aLondon (England)$vMaps.
=655  \7$aMaps.$2fast$0(OCoLC)fst01423704
=700  1\$aCrace, Frederick,$d1779-1859,$eformer owner.
=700  1\$aCrace, John Gregory,$d1809-1889,$edonor.
=710  2\$aJames & Luke G. Hansard & Sons, Printers.
=852  41$aBritish Library$bMAPS$jMaps Crace Port. 19.47
=856  41$3Copy at Maps Crace Port. 19.47$uhttp://www.bl.uk/onlinegallery/onlineex/crace/m/007000000000019u00047000.html$yDigitised map
=985  \\$aRecord amended for WR1606-1727
=985  \\$aUpdated by MS generated file for WR2302-017
=CAT  \\$a12842$b40$c20130829$lBLL01$h1610
=CAT  \\$a12842$b40$c20130829$lBLL01$h1623
=CAT  \\$a12842$b40$c20131024$lBLL01$h1441
=CAT  \\$a12819$b40$c20131213$lBLL01$h1749
=CAT  \\$a4039$b40$c20150402$lBLL01$h1711
=CAT  \\$aW1606-1727$c20160825$lBLL01$h1742
=CAT  \\$aW2302-0174$c20230223$lBLL01$h2000
=FIN  \\$aY$d20130829
=FMT  \\$a  MP
=LAS  \\$aW2302-0174$b00$c20230223$lBLL01$h2000

