=LDR  02333cem a2200493 i 4500
=001  016484807
=003  Uk
=005  20230223161805.0
=007  aj\aanzn
=008  130829s1838\\\\enk||||||\a\\\\\0\\\eng|\
=034  0\$aa$dW0055600$eE0015200$fN0560100$gN0495300$2bound
=040  \\$aUk$beng$cUk$dUk$erda
=042  \\$aukblsr
=082  04$a912.41$223
=100  1\$aBasire, James,$d1796-1869,$elithographer.
=245  10$aSKETCH OF THE POST OFFICE MAP. February 1838 /$cJ. Basire, Lith.
=255  \\$aScale not given$c(W 5°56'00"--E 1°52'00"/N 56°01'00"--N 49°53'00").
=264  \1$a[London] :$bJames & Luke G. Hansard & Sons, Printers,$c1838.
=300  \\$a1 map :$bcolour ;$c87 x 70 cm
=336  \\$acartographic image$2rdacontent
=337  \\$aunmediated$2rdamedia
=338  \\$asheet$2rdacarrier
=500  \\$aTop margin: 2ND REPORT OF COMMITTEE ON POSTAGE. Below plan: O.21. Ordered by the House of Commons to be Printed 1838.
=500  \\$aShows the post office towns and Penny Post sub-offices with the mail delivery routes including rail, coach, horse and foot deliveries.
=500  \\$aExplanation to symbols and rates of postage in Great Britain listed below title.
=510  4\$aCrace, John Gregory, A catalogue of maps, plans and views of London, Westminster and Southwark collected and arranged by Frederick Crace (1878),$cnumber 48, page 146
=650  \0$aPostal service$zGreat Britain$xHistory$vMaps.
=651  \0$aGreat Britain$vMaps.
=655  \7$aMaps.$2fast$0(OCoLC)fst01423704
=700  1\$aCrace, Frederick,$d1779-1859,$eformer owner.
=700  1\$aCrace, John Gregory,$d1809-1889,$edonor.
=710  2\$aJames & Luke G. Hansard & Sons, Printers.
=852  41$aBritish Library$bMAPS$jMaps Crace Port. 19.48
=856  41$3Copy at Maps Crace Port. 19.48$uhttp://www.bl.uk/onlinegallery/onlineex/crace/s/007000000000019u00048000.html$yDigitised map
=985  \\$aRecord amended for WR1606-1727
=985  \\$aUpdated by MS generated file for WR2302-017
=CAT  \\$a12842$b40$c20130829$lBLL01$h1638
=CAT  \\$a12842$b40$c20131024$lBLL01$h1442
=CAT  \\$a12819$b40$c20131213$lBLL01$h1750
=CAT  \\$aW1606-1727$c20160825$lBLL01$h1742
=CAT  \\$aW2302-0174$c20230223$lBLL01$h2000
=FIN  \\$aY$d20130829
=FMT  \\$a  MP
=LAS  \\$aW2302-0174$b00$c20230223$lBLL01$h2000

