=LDR  02823cem a2200553 i 4500
=001  016484822
=003  Uk
=005  20230223161805.0
=007  aj\canzn
=008  130829q1837\\\\enk||||||\a\\\\\0\\\eng|\
=034  1\$aa$b85000$dW0002705$eE0001427$fN0514415$gN0511822$2bound
=040  \\$aUk$beng$cUk$dUk$erda
=042  \\$aukblsr
=082  04$a912.421$223
=100  1\$aWyld, James,$d1812-1887.
=245  10$aMap of the Country 15 MILES ROUND London :$bSHEWING BY A YELLOW CIRCLE OF 3 MILES, THE LIMITS OF THE TWOPENNY POST DELIVERY, BY A BLUE LINE, THE OLD LIMITS OF THE THREEPENNY POST DELIVERY, AND BY A BLACK CIRCLE OF 12 MILES, THE PRESENT LIMITS OF THE THREEPENNY POST DELIVERY /$cCompiled from the Ordnance Survey by James Wyld, Charing Cross East.
=255  \\$aScale approximately 1:85,000$c(W 0°27'05"--E 0°14'27"/N 51°44'15"--N 51°18'22").
=264  \1$aLondon :$bStandidge & Co's. Lithy.,$c[1837]
=300  \\$a1 map :$bcolour ;$c59 cm in diameter, on sheet 65 x 76 cm
=336  \\$acartographic image$2rdacontent
=337  \\$aunmediated$2rdamedia
=338  \\$asheet$2rdacarrier
=500  \\$aDate in imprint from Printed maps of London, J. Howgego.
=500  \\$aShows Great Western railway which opened in 1838.
=500  \\$aBelow title an explanation to symbols signed R. Smith, Superintending President.
=500  \\$aProduced for the 9th Report of the Commissioners on Post Office Management 1837.
=510  4\$aCrace, John Gregory, A catalogue of maps, plans and views of London, Westminster and Southwark collected and arranged by Frederick Crace (1878),$cnumber 49, page 146
=510  4\$aHowgego, James. Printed maps of London,$bcirca 1553-1850,$cnumber 364, page 256
=650  \0$aPostal service$zEngland$zLondon$xHistory$vMaps.
=651  \0$aLondon (England)$vMaps.
=655  \7$aMaps.$2fast$0(OCoLC)fst01423704
=700  1\$aCrace, Frederick,$d1779-1859,$eformer owner.
=700  1\$aCrace, John Gregory,$d1809-1889,$edonor.
=710  2\$aStandidge & Co.,$elithographer.
=852  41$aBritish Library$bMAPS$jMaps Crace Port. 19.49
=856  41$3Copy at Maps Crace Port. 19.49$uhttp://www.bl.uk/onlinegallery/onlineex/crace/m/007000000000019u00049000.html$yDigitised map
=985  \\$aRecord amended for WR1606-1727
=985  \\$aUpdated by MS generated file for WR2302-017
=CAT  \\$a12842$b40$c20130829$lBLL01$h1710
=CAT  \\$a12842$b40$c20130829$lBLL01$h1712
=CAT  \\$a12842$b40$c20130829$lBLL01$h1721
=CAT  \\$a12842$b40$c20131024$lBLL01$h1442
=CAT  \\$a12819$b40$c20131213$lBLL01$h1750
=CAT  \\$aBATCH-UPD$b40$c20160224$lBLL01$h1710
=CAT  \\$aW1606-1727$c20160825$lBLL01$h1742
=CAT  \\$aW2302-0174$c20230223$lBLL01$h2000
=FIN  \\$aY$d20130829
=FMT  \\$a  MP
=LAS  \\$aW2302-0174$b00$c20230223$lBLL01$h2000

