=LDR  02126cem a2200493 i 4500
=001  016484825
=003  Uk
=005  20230223161805.0
=007  aj\canzn
=008  130829q1857\\\\enkd\\\||\a\\\\\0\\\eng|\
=034  1\$aa$b14900$dW0001127$eE0000013$fN0513304$gN0512823$2bound
=040  \\$aUk$beng$cUk$dUk$erda
=042  \\$aukblsr
=082  04$a912.421$223
=100  1\$aCruchley, G. F.,$epublisher.
=245  10$aCRUCHLEY'S NEW POSTAL DISTRICT MAP OF LONDON.
=255  \\$aScale approximately 1:14,900$c(W 0°11'27"--E 0°00'13"/N 51°33'04"--N 51°28'23").
=264  \1$aLondon :$bPublished by G.F. Cruchley Map Seller & Globe Maker, 81, Fleet Street,$c[1857]
=300  \\$a1 map :$bcolour ;$c61 x 81 cm
=336  \\$acartographic image$2rdacontent
=337  \\$aunmediated$2rdamedia
=338  \\$asheet$2rdacarrier
=500  \\$aRelief shown by hachures.
=500  \\$aPostal districts labelled and coloured for reference.
=500  \\$aBottom left: Additions to 1857.
=510  4\$aCrace, John Gregory, A catalogue of maps, plans and views of London, Westminster and Southwark collected and arranged by Frederick Crace (1878),$cnumber 50, page 146
=650  \0$aPostal service$zEngland$zLondon$xHistory$vMaps.
=651  \0$aLondon (England)$vMaps.
=655  \7$aMaps.$2fast$0(OCoLC)fst01423704
=700  1\$aCrace, Frederick,$d1779-1859,$eformer owner.
=700  1\$aCrace, John Gregory,$d1809-1889,$edonor.
=852  41$aBritish Library$bMAPS$jMaps Crace Port. 19.50
=856  41$3Copy at Maps Crace Port. 19.50$uhttp://www.bl.uk/onlinegallery/onlineex/crace/c/007000000000019u00050000.html$yDigitised map
=985  \\$aRecord amended for WR1606-1727
=985  \\$aUpdated by MS generated file for WR2302-017
=CAT  \\$a12842$b40$c20130829$lBLL01$h1800
=CAT  \\$a12842$b40$c20131024$lBLL01$h1442
=CAT  \\$a12819$b40$c20131213$lBLL01$h1750
=CAT  \\$aW1606-1727$c20160825$lBLL01$h1742
=CAT  \\$a12842$b40$c20210917$lBLL01$h1215
=CAT  \\$aW2302-0174$c20230223$lBLL01$h2000
=FIN  \\$aY$d20130829
=FMT  \\$a  MP
=LAS  \\$aW2302-0174$b00$c20230223$lBLL01$h2000

