=LDR  02415cem a2200517 i 4500
=001  016485050
=003  Uk
=005  20230223161805.0
=007  aj\canzn
=008  130830q1857\\\\enk||||||\a\\\\\0\\\eng|\
=034  0\$aa$dW0001447$eE0000106$fN0513409$gN0512700$2bound
=040  \\$aUk$beng$cUk$dUk$erda
=042  \\$aukblsr
=082  04$a912.421$223
=100  1\$aGillot, Firmin,$d1820-1872,$eengraver.
=245  10$aPOSTAL DISTRICT MAP OF LONDON ISSUED WITH THE ILLUSTRATED TIMES /$cPANICONGRAPHIE DE GILLOT A PARIS.
=255  \\$aScale not given$c(W 0°14'47"--E 0°01'06"/N 51°34'09"--N 51°27'00").
=264  \1$a[London] :$b[Illustrated Times],$c[1857]
=300  \\$a1 map :$bcolour ;$c69 x 92 cm
=336  \\$acartographic image$2rdacontent
=337  \\$aunmediated$2rdamedia
=338  \\$asheet$2rdacarrier
=500  \\$aDate in imprint from Printed maps of Victorian London, R. Hyde.
=500  \\$aSold with the Illustrated Times, 21 March 1857.
=500  \\$aBased on Benjamin Rees Davies's New map of the British Metropolis first published in 1852.
=500  \\$aPostal districts labelled and outlined in colour and listed in table with place names down left and right margins.
=510  4\$aCrace, John Gregory, A catalogue of maps, plans and views of London, Westminster and Southwark collected and arranged by Frederick Crace (1878),$cnumber 51, page 147
=510  4\$aHyde, Ralph. Printed maps of Victorian London,$b1851-1900,$cnumber 50, page 86
=650  \0$aPostal service$zEngland$zLondon$xHistory$vMaps.
=651  \0$aLondon (England)$vMaps.
=655  \7$aMaps.$2fast$0(OCoLC)fst01423704
=700  1\$aCrace, Frederick,$d1779-1859,$eformer owner.
=700  1\$aCrace, John Gregory,$d1809-1889,$edonor.
=852  41$aBritish Library$bMAPS$jMaps Crace Port. 19.51
=856  41$3Copy at Maps Crace Port. 19.51$uhttp://www.bl.uk/onlinegallery/onlineex/crace/p/007000000000019u00051000.html$yDigitised map
=985  \\$a100=NEW
=985  \\$aRecord amended for WR1606-1727
=985  \\$aUpdated by MS generated file for WR2302-017
=CAT  \\$a12842$b40$c20130830$lBLL01$h1046
=CAT  \\$a12842$b40$c20131024$lBLL01$h1442
=CAT  \\$a12819$b40$c20131213$lBLL01$h1751
=CAT  \\$aW1606-1727$c20160825$lBLL01$h1742
=CAT  \\$aW2302-0174$c20230223$lBLL01$h2000
=FIN  \\$aY$d20130830
=FMT  \\$a  MP
=LAS  \\$aW2302-0174$b00$c20230223$lBLL01$h2000

