=LDR  02459cem a2200505 i 4500
=001  016485112
=003  Uk
=005  20230223161805.0
=007  aj\aanzn
=008  130830q1832\\\\xx\||||||\a\\\\\0\\\eng|\
=034  1\$aa$b32500$dW0001255$eE0000106$fN0513421$gN0512606$2bound
=040  \\$aUk$beng$cUk$dUk$erda
=042  \\$aukblsr
=082  04$a912.421$223
=245  04$aTHE METROPOLITAN BOROUGHS :$bAs defined by the Reform Bill.
=255  \\$aScale approximately 1:32,500$c(W 0°12'55"--E 0°01'06"/N 51°34'21"--N 51°26'06").
=264  \1$a[Place of publication not identified] :$b[publisher not identified],$c[1832]
=300  \\$a1 map ;$c60 x 50 cm
=336  \\$acartographic image$2rdacontent
=337  \\$aunmediated$2rdamedia
=338  \\$asheet$2rdacarrier
=500  \\$aDate in imprint from Printed maps of London, J. Howgego.
=500  \\$aList of liberties and an explanation to boundary lines at the bottom left-hand corner.
=500  \\$aWith coat of arms of City of London at the upper left-hand corner and arms of City of Westminster at the upper right.
=500  \\$aVery similar to map produced in 1832 by Lieutenant Robert K. Dawson and to map published by W Schmollinger but from is from different plate.
=510  4\$aCrace, John Gregory, A catalogue of maps, plans and views of London, Westminster and Southwark collected and arranged by Frederick Crace (1878),$cnumber 52, page 147
=510  4\$aHowgego, James. Printed maps of London,$bcirca 1553-1850,$cnumber 338, page 243
=650  \0$aBoroughs$zEngland$zLondon$vMaps.
=651  \0$aLondon (England)$vMaps.
=655  \7$aMaps.$2fast$0(OCoLC)fst01423704
=700  1\$aCrace, Frederick,$d1779-1859,$eformer owner.
=700  1\$aCrace, John Gregory,$d1809-1889,$edonor.
=852  41$aBritish Library$bMAPS$jMaps Crace Port. 19.52
=856  41$3Copy at Maps Crace Port. 19.52$uhttp://www.bl.uk/onlinegallery/onlineex/crace/t/007000000000019u00052000.html$yDigitised map
=985  \\$aRecord amended for WR1606-1727
=985  \\$aUpdated by MS generated file for WR2302-017
=CAT  \\$a12842$b40$c20130830$lBLL01$h1156
=CAT  \\$a12842$b40$c20130830$lBLL01$h1303
=CAT  \\$a12842$b40$c20131024$lBLL01$h1442
=CAT  \\$a12819$b40$c20131213$lBLL01$h1751
=CAT  \\$aW1606-1727$c20160825$lBLL01$h1742
=CAT  \\$aW2302-0174$c20230223$lBLL01$h2000
=FIN  \\$aY$d20130830
=FMT  \\$a  MP
=LAS  \\$aW2302-0174$b00$c20230223$lBLL01$h2000

