=LDR  02104cem a2200469 i 4500
=001  016485174
=003  Uk
=005  20230223161805.0
=007  aj\canzn
=008  130830s1843\\\\enk||||||\a\\\\\0\\\eng|\
=034  0\$aa$dW0001255$eE0000113$fN0513330$gN0512725$2bound
=040  \\$aUk$beng$cUk$dUk$erda
=042  \\$aukblsr
=082  04$a912.421$223
=245  04$aTHE REGISTRATION DISTRICTS OF THE METROPOLIS 1843 /$cJohn Arrowsmith, 10 Soho Square.
=255  \\$aScale not given$c(W 0°12'55"--E 0°01'13"/N 51°33'30"--N 51°27'25").
=264  \1$a[London] :$b[publisher not identified],$c1843.
=300  \\$a1 map :$bcolour ;$c53 x 68 cm
=336  \\$acartographic image$2rdacontent
=337  \\$aunmediated$2rdamedia
=338  \\$asheet$2rdacarrier
=500  \\$aColoured for reference with an explonatory note and list of districts at the upper right-hand corner.
=510  4\$aCrace, John Gregory, A catalogue of maps, plans and views of London, Westminster and Southwark collected and arranged by Frederick Crace (1878),$cnumber 54, page 147
=510  4\$aHowgego, James. Printed maps of London,$bcirca 1553-1850,$cnumber 383, page 265
=650  \0$aBoroughs$zEngland$zLondon$vMaps.
=651  \0$aLondon (England)$vMaps.
=655  \7$aMaps.$2fast$0(OCoLC)fst01423704
=700  1\$aCrace, Frederick,$d1779-1859,$eformer owner.
=700  1\$aCrace, John Gregory,$d1809-1889,$edonor.
=700  1\$aArrowsmith, John,$d1790-1873,$eengraver.
=852  41$aBritish Library$bMAPS$jMaps Crace Port. 19.54
=856  41$3Copy at Maps Crace Port. 19.54$uhttp://www.bl.uk/onlinegallery/onlineex/crace/t/007000000000019u00054000.html$yDigitised map
=985  \\$aRecord amended for WR1606-1727
=985  \\$aUpdated by MS generated file for WR2302-017
=CAT  \\$a12842$b40$c20130830$lBLL01$h1327
=CAT  \\$a12842$b40$c20131024$lBLL01$h1443
=CAT  \\$a12819$b40$c20131213$lBLL01$h1752
=CAT  \\$aW1606-1727$c20160825$lBLL01$h1742
=CAT  \\$aW2302-0174$c20230223$lBLL01$h2000
=FIN  \\$aY$d20130830
=FMT  \\$a  MP
=LAS  \\$aW2302-0174$b00$c20230223$lBLL01$h2000

