=LDR  02464cem a2200517 i 4500
=001  016485195
=003  Uk
=005  20230223161806.0
=007  aj\canzn
=008  130830s1837\\\\enk||||||\a\\\\\0\\\eng|\
=034  1\$aa$b32000$dW0001908$eE0000113$fN0513440$gN0512528$2bound
=040  \\$aUk$beng$cUk$dUk$erda
=042  \\$aukblsr
=082  04$a912.421$223
=100  1\$aDawson, Robert Kearsley,$d1798-1861,$esurveyor.
=245  10$aJURISDICTION OF THE METROPOLITAN POLICE. (GOVERNMENT PLAN.) /$cEngraved by J. Gardner, 163 Regents Street.
=255  \\$aScale approximately 1:32,000$c(W 0°19'08"--E 0°01'13"/N 51°34'40"--N 51°25'28").
=264  \1$aLONDON :$bPublished by Authority, by J. GARDNER, 163 Regents Street,$cMarch 1837.
=300  \\$a1 map :$bcolour ;$c61 x 84 cm
=336  \\$acartographic image$2rdacontent
=337  \\$aunmediated$2rdamedia
=338  \\$asheet$2rdacarrier
=500  \\$aThird edition. First published in 1832.
=500  \\$aPolice districts labelled and coloured for reference with an explanation note at the bottom left.
=500  \\$aBelow scale note: THIS PLAN IS PRINTED FROM THE PLATE USED IN THE REFORM BILL.
=510  4\$aCrace, John Gregory, A catalogue of maps, plans and views of London, Westminster and Southwark collected and arranged by Frederick Crace (1878),$cnumber 55, page 147
=510  4\$aHowgego, James. Printed maps of London,$bcirca 1553-1850,$cnumber 340 (3), pages 244-245
=650  \0$aPolice$zEngland$zLondon$vMaps.
=650  \0$aBoroughs$zEngland$zLondon$vMaps.
=651  \0$aLondon (England)$vMaps.
=655  \7$aMaps.$2fast$0(OCoLC)fst01423704
=700  1\$aCrace, Frederick,$d1779-1859,$eformer owner.
=700  1\$aCrace, John Gregory,$d1809-1889,$edonor.
=700  1\$aGardner, James,$dactive 1822-1850,$eengraver,$epublisher.
=852  41$aBritish Library$bMAPS$jMaps Crace Port. 19.55
=856  41$3Copy at Maps Crace Port. 19.55$uhttp://www.bl.uk/onlinegallery/onlineex/crace/j/007000000000019u00055000.html$yDigitised map
=985  \\$aRecord amended for WR1606-1727
=985  \\$aUpdated by MS generated file for WR2302-017
=CAT  \\$a12842$b40$c20130830$lBLL01$h1406
=CAT  \\$a12842$b40$c20131024$lBLL01$h1443
=CAT  \\$a12819$b40$c20131213$lBLL01$h1752
=CAT  \\$aW1606-1727$c20160825$lBLL01$h1742
=CAT  \\$aW2302-0174$c20230223$lBLL01$h2000
=FIN  \\$aY$d20130830
=FMT  \\$a  MP
=LAS  \\$aW2302-0174$b00$c20230223$lBLL01$h2000

