=LDR  02863cem a2200577 i 4500
=001  016485226
=003  Uk
=005  20230223161806.0
=007  aj\canzn
=008  130830s1832\\\\enk||||||\a\\\\\0\\\eng|\
=034  1\$aa$dW0015412$eW0015950$fN0513040$gN0512808$2bound
=040  \\$aUk$beng$cUk$dUk$erda
=042  \\$aukblsr
=082  04$a912.42162$223
=082  04$a912.42164$223
=100  1\$aWyld, James,$d1790-1836,$epublisher.
=245  10$aPLAN SHEWING THE PROPOSED LINE of the LONDON AND GREENWICH RAILWAY.
=255  \\$aScale not given$c(W 1°54'12"--W 1°59'50"/N 51°30'40"--N 51°28'08").
=264  \1$a[London] :$bPublished by J. Wyld, Geographer to the King, Charing Cross,$c1832.
=300  \\$a1 map :$bcolour ;$c24 x 84 cm
=336  \\$acartographic image$2rdacontent
=337  \\$aunmediated$2rdamedia
=338  \\$asheet$2rdacarrier
=500  \\$aShows the proposed railway line with an explanatory note.
=500  \\$aThe London and Greenwich Railway was opened between 1836 and 1838.
=500  \\$aIncludes an inset: SPECIMEN OF THE GENERAL CONSTRUCTION OF THE RAILWAY at the bottom right.
=510  4\$aCrace, John Gregory, A catalogue of maps, plans and views of London, Westminster and Southwark collected and arranged by Frederick Crace (1878),$cnumber 56, page 147
=520  \\$aThe title of this plan appears at bottom left, with an explanatory note and scale bar at bottom centre. An illustration of the general construction of the railway features at bottom right. The Greenwich line reached Bermondsey in 1836. A year later, it reached London Bridge, which became the first railway terminus in the capital.
=610  20$aLondon and Greenwich Railway$vMaps.
=650  \0$aRailroads$zEngland$zLondon$vMaps.
=651  \0$aGreenwich (London, England)$vMaps.
=651  \0$aSouthwark (London, England)$vMaps.
=651  \0$aLondon (England)$vMaps.
=655  \7$aMaps.$2fast$0(OCoLC)fst01423704
=700  1\$aCrace, Frederick,$d1779-1859,$eformer owner.
=700  1\$aCrace, John Gregory,$d1809-1889,$edonor.
=852  41$aBritish Library$bMAPS$jMaps Crace Port. 19.56
=856  41$3Copy at Maps Crace Port. 19.56$uhttp://www.bl.uk/onlinegallery/onlineex/crace/p/007000000000019u00056000.html$yDigitised map
=985  \\$aUpgraded from BL georeferencer data 2022-11-17.
=985  \\$aRecord amended for WR1606-1727
=985  \\$aUpdated by MS generated file for WR2302-017
=CAT  \\$a12842$b40$c20130830$lBLL01$h1438
=CAT  \\$a12842$b40$c20131024$lBLL01$h1443
=CAT  \\$a12819$b40$c20131213$lBLL01$h1753
=CAT  \\$aW1606-1727$c20160825$lBLL01$h1742
=CAT  \\$a14185$b40$c20221201$lBLL01$h1741
=CAT  \\$a14185$b40$c20221204$lBLL01$h1855
=CAT  \\$aW2302-0174$c20230223$lBLL01$h2000
=FIN  \\$aY$d20130830
=FMT  \\$a  MP
=LAS  \\$aW2302-0174$b00$c20230223$lBLL01$h2000

