=LDR  02999cem a2200553 i 4500
=001  016485243
=003  Uk
=005  20230223161806.0
=007  aj\canzn
=008  130830q1838\\\\enk||||||\a\\\\\0\\\eng|\
=034  0\$aa$dW0015700$eE0000000$fN0523800$gN0512500$2bound
=040  \\$aUk$beng$cUk$dUk$erda
=042  \\$aukblsr
=082  04$a912.42$223
=100  1\$aDrake, James,$dactive 1825,$epublisher.
=245  10$aDRAKE'S MAP OF THE LONDON AND BIRMINGHAM RAILWAY /$cJ.B. Wallace Del. ; J. Archer Sc. London.
=255  \\$aScale not given$c(W 1°57'00"--E 0°00'00"/N 52°38'00"--N 51°25'00").
=264  \1$aBirmingham :$bPublished by J. Drake, 52 New Street, and Hayward & Moore, Paternoster Row, London, & Sold by all Booksellers,$c[1838]
=300  \\$a1 map :$bcolour ;$c20 x 49 cm
=336  \\$acartographic image$2rdacontent
=337  \\$aunmediated$2rdamedia
=338  \\$asheet$2rdacarrier
=500  \\$aThe first map shows the London and Birmingham Railway, with an illustrated view of Euston Station at top right. The second shows the Grand Junction Railway (which connected Birmingham, Manchester and Liverpool) with an illustration of a train used on the line along the top. The titles of both maps appear above the relevant plans, with county boundaries outlined in colour. A level section of the railway line is given in a panel below each plan.
=500  \\$aDate from A catalogue of maps, plans and views of London, Westminster and Southwark collected and arranged by Frederick Crace, 1878.
=500  \\$aIncludes a gradient diagram of the whole route and a view of Euston station and Euston Arch.
=500  \\$aCounties outlined in colour.
=510  4\$aCrace, John Gregory, A catalogue of maps, plans and views of London, Westminster and Southwark collected and arranged by Frederick Crace (1878),$cnumber 57, page 148
=610  20$aLondon and Brighton Railway$vMaps.
=650  \0$aRailroads$zEngland$vMaps.
=651  \0$aEngland$vMaps.
=655  \7$aMaps.$2fast$0(OCoLC)fst01423704
=700  1\$aCrace, Frederick,$d1779-1859,$eformer owner.
=700  1\$aCrace, John Gregory,$d1809-1889,$edonor.
=700  1\$aArcher, Joshua,$d1792?-1863,$eengraver.
=852  41$aBritish Library$bMAPS$jMaps Crace Port. 19.57.(1.)
=856  41$3Copy at Maps Crace Port. 19.57.(1.)$uhttp://www.bl.uk/onlinegallery/onlineex/crace/d/007000000000019u00057000.html$yDigitised map
=985  \\$aRecord amended for WR1606-1727
=985  \\$aUpdated by MS generated file for WR2302-017
=CAT  \\$a12842$b40$c20130830$lBLL01$h1513
=CAT  \\$a12842$b40$c20130830$lBLL01$h1515
=CAT  \\$a12842$b40$c20130830$lBLL01$h1657
=CAT  \\$a12842$b40$c20131024$lBLL01$h1443
=CAT  \\$a12819$b40$c20131213$lBLL01$h1753
=CAT  \\$aW1606-1727$c20160825$lBLL01$h1742
=CAT  \\$a14185$b40$c20221219$lBLL01$h0931
=CAT  \\$aW2302-0174$c20230223$lBLL01$h2000
=FIN  \\$aY$d20130830
=FMT  \\$a  MP
=LAS  \\$aW2302-0174$b00$c20230223$lBLL01$h2000

