=LDR  03089cem a2200553 i 4500
=001  016485272
=003  Uk
=005  20230223161806.0
=007  aj\canzn
=008  130830s1840\\\\enk||||||\a\\\\\0\\\eng|\
=034  1\$aa$dW0015433$eW0015458$fN0513026$gN0513013$2bound
=040  \\$aUk$beng$cUk$dUk$erda
=042  \\$aukblsr
=082  04$a912.42164$223
=100  1\$aAllen, George$c(Architect),$earchitect.
=245  10$aPlan for preventing the Traffic to the WHARFS AND PREMISES IN TOOLEY STREET :$bbeing impeded by that proceeding to the FOUR RAILWAY STATIONS, Also proposed Improvement of the Access TO THE SEVERAL RAILWAYS. /$cGeorge Allen, ARCHITECT, 69 TOOLEY STREET, SOUTHWARK, 6TH APRIL 1840.
=255  \\$aScale not given$c(W 1°54'33"--W 1°54'58"/N 51°30'26"--N 51°30'13").
=264  \1$a[London] :$b[publisher not identified],$c1840.
=300  \\$a1 map :$bcolour ;$c37 x 50 cm
=336  \\$acartographic image$2rdacontent
=337  \\$aunmediated$2rdamedia
=338  \\$asheet$2rdacarrier
=500  \\$aShows proposed improvements including new street layout and railway station. Coloured for reference with explanation at right centre.
=500  \\$aIncludes gradient diagrams with present and proposed approaches.
=500  \\$aOriented with south to the top.
=510  4\$aCrace, John Gregory, A catalogue of maps, plans and views of London, Westminster and Southwark collected and arranged by Frederick Crace (1878),$cnumber 58, page 148
=520  \\$aThis is a plan for improving the approaches to London Bridge Station, then the terminus for the Eastern, Brighton, Croydon and Greenwich railways. The plan is oriented to the south. It's title features at bottom left, with an explanatory note at middle right. The current approach to the station is highlighted in yellow with the proposed improvements outlined in red. Above the plan are level sections of the present and proposed approaches.
=650  \0$aCity planning$zEngland$zLondon$vMaps.
=651  \0$aSouthwark (London, England)$vMaps.
=651  \0$aLondon (England)$vMaps.
=655  \7$aMaps.$2fast$0(OCoLC)fst01423704
=700  1\$aCrace, Frederick,$d1779-1859,$eformer owner.
=700  1\$aCrace, John Gregory,$d1809-1889,$edonor.
=852  41$aBritish Library$bMAPS$jMaps Crace Port. 19.58
=856  41$3Copy at Maps Crace Port. 19.58$uhttp://www.bl.uk/onlinegallery/onlineex/crace/p/007000000000019u00058000.html$yDigitised map
=985  \\$aUpgraded from BL georeferencer data 2022-11-17.
=985  \\$aRecord amended for WR1606-1727
=985  \\$aUpdated by MS generated file for WR2302-017
=CAT  \\$a12842$b40$c20130830$lBLL01$h1617
=CAT  \\$a12842$b40$c20131024$lBLL01$h1444
=CAT  \\$a12819$b40$c20131213$lBLL01$h1754
=CAT  \\$a7416$b40$c20150223$lBLL01$h1750
=CAT  \\$aW1606-1727$c20160825$lBLL01$h1742
=CAT  \\$a14185$b40$c20221201$lBLL01$h1741
=CAT  \\$a14185$b40$c20221204$lBLL01$h1855
=CAT  \\$aW2302-0174$c20230223$lBLL01$h2000
=FIN  \\$aY$d20130830
=FMT  \\$a  MP
=LAS  \\$aW2302-0174$b00$c20230223$lBLL01$h2000

