=LDR  02147cem a2200469 i 4500
=001  016485300
=003  Uk
=005  20230223161806.0
=007  aj\aanzn
=008  130830q18331839enk||||||\a\\\\\0\\\eng|\
=034  0\$aa$dW0003656$eE0002044$fN0514308$gN0511749$2bound
=040  \\$aUk$beng$cUk$dUk$erda
=042  \\$aukblsr
=082  04$a912.421$223
=100  1\$aArcher, Joshua,$d1792?-1863,$eengraver.
=245  14$aTHE ENVIRONS OF LONDON :$b(REDUCED FROM THE ORDNANCE SURVEY) /$cEngraved by J. Archer for the Proprietors of Pinnock's Guide to Knowledge.
=255  \\$aScale not given$c(W 0°36'56"--E 0°20'44"/N 51°43'08"--N 51°17'49").
=264  \1$a[London] :$b[Published by W. Edwards],$c[between 1833 and 1839]
=300  \\$a1 map ;$c34 x 51 cm
=336  \\$acartographic image$2rdacontent
=337  \\$aunmediated$2rdamedia
=338  \\$asheet$2rdacarrier
=500  \\$aReversed white-line woodblock engraving.
=500  \\$aBetween 1833 and 1839 Joshua Archer engraved numerous maps for William Pinnock's Guide to Knowledge.
=500  \\$aIncluded in the Crace Collection but not listed in the Catalogue of maps, plans and views of London, Westminster and Southwark collected and arranged by Frederick Crace, published in 1878.
=651  \0$aLondon (England)$vMaps.
=655  \7$aMaps.$2fast$0(OCoLC)fst01423704
=700  1\$aCrace, Frederick,$d1779-1859,$eformer owner.
=700  1\$aCrace, John Gregory,$d1809-1889,$edonor.
=700  1\$aPinnock, William,$d1782-1843.
=852  41$aBritish Library$bMAPS$jMaps Crace Port. 19.59
=856  41$3Copy at Maps Crace Port. 19.59$uhttp://www.bl.uk/onlinegallery/onlineex/crace/t/007000000000019u00059000.html$yDigitised map
=985  \\$aRecord amended for WR1606-1727
=985  \\$aUpdated by MS generated file for WR2302-017
=CAT  \\$a12842$b40$c20130830$lBLL01$h1714
=CAT  \\$a12842$b40$c20131024$lBLL01$h1444
=CAT  \\$a12819$b40$c20131213$lBLL01$h1754
=CAT  \\$aW1606-1727$c20160825$lBLL01$h1742
=CAT  \\$aW2302-0174$c20230223$lBLL01$h2000
=FIN  \\$aY$d20130830
=FMT  \\$a  MP
=LAS  \\$aW2302-0174$b00$c20230223$lBLL01$h2000

