=LDR  02880cfm a2200541 i 4500
=001  016487554
=003  Uk
=005  20230223161806.0
=007  aj\canzn
=008  130902q1715\\\\xx\||||||\a\\\\\0\\\eng|\
=034  0\$aa$dW0003100$eE0013000$fN0521300$gN0512100$2bound
=040  \\$aUk$beng$cUk$dUk$erda
=042  \\$aukblsr
=082  04$a912.422$223
=082  04$a912.4218$223
=082  04$a912.4267$223
=245  02$aA MAP of the DIOCESS of London, :$bWherein is incerted all the Towns, Villages &c. and what is remarkable relateing to the said Diocess, likewise an [illegible] Table of all [illegible] &c. as within their respective Deanrie with their Annual Valuation and the Year when founded.
=255  \\$aScale not given$c(W 0°31'00"--E 1°30'00"/N 52°13'00"--N 51°21'00").
=264  \0$a[Place of production not identified] :$b[producer not identified],$c[before 1715]
=300  \\$a1 map :$bcolour ;$c34 x 44 cm
=336  \\$acartographic image$2rdacontent
=337  \\$aunmediated$2rdamedia
=338  \\$asheet$2rdacarrier
=500  \\$aPen and ink with wash on paper.
=500  \\$aUnsigned and undated. Possibly a preliminary draft for A New and Exact Map of THE DIOCESE OF LONDON engraved by John Harris about 1715 and printed for Jacob Robinson.
=500  \\$aNote below title: Also a brief Historical Account of the most remarkable Transactions relating to the said Diocess from ye first foundation with ye Names of ye most noted Bishops.
=500  \\$aIncluded in the Crace Collection but not listed in the Catalogue of maps, plans and views of London, Westminster and Southwark collected and arranged by Frederick Crace, published in 1878.
=650  \0$aEcclesiastical geography$zEngland$vMaps$vEarly works to 1800.
=650  \0$aDioceses$zEngland$vMaps$vEarly works to 1800.
=651  \0$aEssex (England)$vMaps$vEarly works to 1800.
=651  \0$aHertfordshire (England)$vMaps$vEarly works to 1800.
=651  \0$aMiddlesex (England)$vMaps$vEarly works to 1800.
=651  \0$aLondon (England)$vMaps$vEarly works to 1800.
=655  \7$aEarly maps.$2fast$0(OCoLC)fst01752681
=700  1\$aCrace, Frederick,$d1779-1859,$eformer owner.
=700  1\$aCrace, John Gregory,$d1809-1889,$edonor.
=852  41$aBritish Library$bMAPS$jMaps Crace Port. 19.60
=856  41$3Copy at Maps Crace Port. 19.60$uhttp://www.bl.uk/onlinegallery/onlineex/crace/a/007000000000019u00060000.html$yDigitised map
=985  \\$aRecord amended for WR1606-1727
=985  \\$aUpdated by MS generated file for WR2302-017
=CAT  \\$a12842$b40$c20130902$lBLL01$h1215
=CAT  \\$a12842$b40$c20130902$lBLL01$h1244
=CAT  \\$a12819$b40$c20131213$lBLL01$h1755
=CAT  \\$aW1606-1727$c20160825$lBLL01$h1743
=CAT  \\$aW2302-0174$c20230223$lBLL01$h2000
=FIN  \\$aY$d20130902
=FMT  \\$a  MP
=LAS  \\$aW2302-0174$b00$c20230223$lBLL01$h2000

