=LDR  02741cem a2200565 i 4500
=001  016487564
=003  Uk
=005  20230223161806.0
=007  aj\aanzn
=008  130902q17231748enk||||||\a\\\\\0\\\eng|\
=034  0\$aa$dW0003130$eE0013038$fN0521107$gN0512153$2bound
=040  \\$aUk$beng$cUk$dUk$erda
=042  \\$aukblsr
=082  04$a912.421$223
=082  04$a912.4218$223
=082  04$a912.4267$223
=100  1\$aHarris, John,$dactive 1680-1739 or 1740,$eengraver.
=245  12$aA New and Exact Map of THE DIOCESE OF LONDON.
=255  \\$aScale not given$c(W 0°31'30"--E 1°30'38"/N 52°11'07"--N 51°21'53").
=264  \1$a[London] :$bPrinted for Jacob Robinson at the Golden Lion in Ludgate Street near St. Paul's,$c[1723-1748]
=300  \\$a1 map ;$c22 x 37 cm
=336  \\$acartographic image$2rdacontent
=337  \\$aunmediated$2rdamedia
=338  \\$asheet$2rdacarrier
=500  \\$aSecond edition with dedication to Edmund Gibson, Bishop of London between 1723 and 1748, suggesting publication date of between these years.
=500  \\$aShows diocese of London covering area of Essex, Hertfordshire and Middlesex.
=500  \\$aIncludes views of St. Paul's Cathedral, Westminster Abbey, St. Bride's and Mary-le-Bow churches.
=500  \\$aIncluded in the Crace Collection but not listed in the Catalogue of maps, plans and views of London, Westminster and Southwark collected and arranged by Frederick Crace, published in 1878.
=510  4\$aHowgego, James. Printed maps of London,$bcirca 1553-1850,$cnumber 60 (2), page 78
=650  \0$aEcclesiastical geography$zEngland$vMaps$vEarly works to 1800.
=650  \0$aDioceses$zEngland$vMaps$vEarly works to 1800.
=651  \0$aEssex (England)$vMaps$vEarly works to 1800.
=651  \0$aMiddlesex (England)$vMaps$vEarly works to 1800.
=651  \0$aLondon (England)$vMaps$vEarly works to 1800.
=655  \7$aEarly maps.$2fast$0(OCoLC)fst01752681
=700  1\$aCrace, Frederick,$d1779-1859,$eformer owner.
=700  1\$aCrace, John Gregory,$d1809-1889,$edonor.
=700  1\$aRobinson, Jacob,$d-1759.
=852  41$aBritish Library$bMAPS$jMaps Crace Port. 19.61
=856  41$3Copy at Maps Crace Port. 19.61$uhttp://www.bl.uk/onlinegallery/onlineex/crace/a/007000000000019u00061000.html$yDigitised map
=985  \\$aRecord amended for WR1606-1727
=985  \\$aUpdated by MS generated file for WR2302-017
=CAT  \\$a12842$b40$c20130902$lBLL01$h1241
=CAT  \\$a12819$b40$c20131213$lBLL01$h1755
=CAT  \\$aBATCH-UPD$b40$c20141214$lBLL01$h0143
=CAT  \\$aW1606-1727$c20160825$lBLL01$h1743
=CAT  \\$aW2302-0174$c20230223$lBLL01$h2000
=FIN  \\$aY$d20130902
=FMT  \\$a  MP
=LAS  \\$aW2302-0174$b00$c20230223$lBLL01$h2000

