=LDR  02144cem a2200481 i 4500
=001  016487888
=003  Uk
=005  20230223161806.0
=007  aj\aanzn
=008  130902q1689\\\\enk||||||\a\\\\\0\\\eng|\
=034  0\$aa
=040  \\$aUk$beng$cUk$dUk$erda
=042  \\$aukblsr
=082  04$a912.4218$223
=100  1\$aOgilby, John,$ecartographer.
=245  10$a[Fourteen plans of roads leading from London to the environs].
=255  \\$aScale not given.
=264  \1$a[London] :$b[Johhn Ogilby],$c[1689]
=300  \\$a14 maps on 2 sheets ;$csheets 50 x 73 cm
=336  \\$acartographic image$2rdacontent
=337  \\$aunmediated$2rdamedia
=338  \\$asheet$2rdacarrier
=500  \\$aTitle and date in imprint from A catalogue of maps, plans and views of London, Westminster and Southwark collected and arranged by Frederick Crace, 1878.
=500  \\$aFourteen strips cut out from plates published in John Ogilby's Britannia first issued in 1675.
=510  4\$aCrace, John Gregory, A catalogue of maps, plans and views of London, Westminster and Southwark collected and arranged by Frederick Crace (1878),$cnumber 36, page 144
=650  \0$aRoads$zEngland$zLondon$vMaps$vEarly works to 1800.
=651  \0$aMiddlesex (England)$vMaps$vEarly works to 1800.
=651  \0$aLondon (England)$vMaps$vEarly works to 1800.
=655  \7$aEarly maps.$2fast$0(OCoLC)fst01752681
=700  1\$aCrace, Frederick,$d1779-1859,$eformer owner.
=700  1\$aCrace, John Gregory,$d1809-1889,$edonor.
=852  41$aBritish Library$bMAPS$jMaps Crace Port. 19.36
=856  41$3Copy at Maps Crace Port. 19.36$uhttp://www.bl.uk/onlinegallery/onlineex/crace/s/007000000000019u000360a0.html$yDigitised map
=985  \\$aRecord amended for WR1606-1727
=985  \\$aUpdated by MS generated file for WR2302-017
=CAT  \\$a12842$b40$c20130902$lBLL01$h1653
=CAT  \\$a12819$b40$c20131213$lBLL01$h1755
=CAT  \\$a12819$b40$c20131213$lBLL01$h1756
=CAT  \\$aW1606-1727$c20160825$lBLL01$h1743
=CAT  \\$aW2302-0174$c20230223$lBLL01$h2000
=FIN  \\$aY$d20130902
=FMT  \\$a  MP
=LAS  \\$aW2302-0174$b00$c20230223$lBLL01$h2000

