=LDR  03640cem a2200565 i 4500
=001  016488389
=003  Uk
=005  20230223161806.0
=007  aj\aanzn
=008  130903s1746\\\\enk||||||\a\\\\\0\\\mul|\
=034  1\$aa$b12300$dW0002138$eE0000448$fN0513454$gN0512319$2bound
=040  \\$aUk$beng$cUk$dUk$erda
=041  \\$aeng$afre$alat
=042  \\$aukblsr
=082  04$a912.421$223
=100  1\$aRocque, John,$d-1762,$esurveyor.
=245  13$aAn Exact Survey of the CITY'S of LONDON, WESTMINSTER ye Borough of SOUTHWARK and the COUNTRY NEAR TEN MILES ROUND BEGUN IN 1741 & ENDED IN 1745 /$cBY JOHN ROCQUE LAND SURVEYOR & ENGRAU'D BY RICHARD PARR.
=246  11$aAccurata Descriptio URBIUM LONDINENSIS et WESTMONASTERIENSIS, nec non MUNICIPII SOUTHWARKENSIS, et universæ REGIONIS ad decem ferè undique Millia passuum, incepta Anno 1741 et absoluta Anno 1745 IOANNE ROCQUIS Topographo
=246  11$aCARTE Topographique des VILLES de LONDRES et de WESTMINSTER, du BOURG de SOUTHWARK, et de Leurs Environs Levè tres exactement sur les lieux par JEAN ROCQUE en 1741, et finis en 1745. Publiè en 1746, selon une Acte de Parlement
=255  \\$aScale approximately 1:12,300$c(W 0°21'38"--E 0°04'48"/N 51°34'54"--N 51°23'19").
=264  \1$aLondon :$bJohn Rocque,$c1746.
=300  \\$a1 map on 16 sheets ;$c175 x 251 cm, sheets 54 x 75 cm
=336  \\$acartographic image$2rdacontent
=337  \\$aunmediated$2rdamedia
=338  \\$asheet$2rdacarrier
=500  \\$aContains dedication to Richard Boyle, 3rd Earl of Burlington from John Rocque.
=500  \\$aFirst edition. Sheet 13 has imprint 'Publish'd ye 28th. of Decr. 1744, by J. Rocque in Hide Park Road'. Sheet 2 has, 'Published by. I. Rocque next ye Duke of Graftons Head near Hide Park Corner'. Sheet 1 has, 'Published by J. Rocque Feby. 13th 1744. Next ye Duke of Graftons Head Hide park Corner. Where may be had the Plans of the large survey of London, Bristol, Exeter, Lyon, and of some Noblemens Gardens &c. by ye said J. Rocque'.
=500  \\$aLater edition of this map at Maps Crace Port. 19.19.(1.).
=500  \\$aSheet 1 includes an explanation to symbols and an index to the plan with plate numbers. Sheet 11 has a manuscript annotation on the right margin: 'Attorney General v Earl Craven / Exhibit KK / 3 December 1858 [or 1850]'.
=510  4\$aCrace, John Gregory, A catalogue of maps, plans and views of London, Westminster and Southwark collected and arranged by Frederick Crace (1878),$cnumber 18, page 143
=510  4\$aHowgego, James. Printed maps of London,$bcirca 1553-1850,$cnumber 94 (1), pages 95-96
=651  \0$aLondon (England)$vMaps$vEarly works to 1800.
=655  \7$aEarly maps.$2fast$0(OCoLC)fst01752681
=700  1\$aCrace, Frederick,$d1779-1859,$eformer owner.
=700  1\$aCrace, John Gregory,$d1809-1889,$edonor.
=700  1\$aParr, Richard,$eengraver.
=852  41$aBritish Library$bMAPS$jMaps Crace Port. 19.18
=856  41$3Copy at Maps Crace Port. 19.18$uhttp://www.bl.uk/onlinegallery/onlineex/crace/a/007zzz000000019u00018000.html$yDigitised map
=985  \\$aRecord amended for WR1606-1727
=985  \\$aUpdated by MS generated file for WR2302-017
=CAT  \\$a12842$b40$c20130903$lBLL01$h1620
=CAT  \\$a12842$b40$c20130904$lBLL01$h1124
=CAT  \\$a12842$b40$c20130904$lBLL01$h1135
=CAT  \\$a12819$b40$c20131213$lBLL01$h1756
=CAT  \\$a12819$b40$c20131213$lBLL01$h1803
=CAT  \\$aW1606-1727$c20160825$lBLL01$h1742
=CAT  \\$aW2302-0174$c20230223$lBLL01$h2000
=FIN  \\$aY$d20130903
=FMT  \\$a  MP
=LAS  \\$aW2302-0174$b00$c20230223$lBLL01$h2000

