=LDR  03898cem a2200589 i 4500
=001  016491073
=003  Uk
=005  20230223161807.0
=007  aj\aanzn
=008  130904q1720\\\\enk||||||\a\\\\\0\\\eng|\
=034  1\$aa$b3600$dW0000926$eW0000153$fN0513144$gN0512934$2bound
=040  \\$aUk$beng$cUk$dUk$erda
=042  \\$aukblsr
=082  04$a912.421$223
=100  1\$aMorgan, William,$d-1690,$ecartographer.
=245  10$aLONDON &.C. ACCURATELY SURVEY'D /$cBy ROB. MORDEN & PHILIP LEA.
=255  \\$aScale approximately 1:3,600$c(W 0°09'26"--W 0°01'53"/N 51°31'44"--N 51°29'34").
=264  \1$a[London] :$bROB. MORDEN & PHILIP LEA,$c[about 1720]
=300  \\$a1 map on 12 sheets ;$c123 x 235 cm, sheets 53 x 62 cm or smaller
=336  \\$acartographic image$2rdacontent
=337  \\$aunmediated$2rdamedia
=338  \\$asheet$2rdacarrier
=500  \\$aThis is a later edition of the map of London first issued by Morden and Lea in 1681-82. Printed in 12 sheets, the map features title in banner along the top, portraits of King William and Queen Mary below the title, with the Royal and City arms. Reference tables, compass rose and scale bar at lower right. Along the top of the map are views of Westminster Abbey, the Banqueting Hall, Somerset House, the Mercers' Chapel, the Royal Exchange, Guild Hall and St Paul's Cathedral, with equestrian statues of Charles I and Charles II at top left and right respectively. The map shows Wigmore Street, Grosvenor Square and the Church of St Anne, Limehouse which did not feature in earlier editions of the map.
=500  \\$aContains dedication to King William & Queen Mary from Robert Morden and Philip Lea.
=500  \\$aDate in imprint from Printed maps of London, J. Howgego.
=500  \\$aThird edition with views along the top margin: The STATUE of K. CHARLES I AT CHARING CROSS in BRASSE ; S. PETERS CHURCH or WESTMINSTER ABBEY ; Part of WHITE-HALL to the THAMES ; The Entrance of WESTMINSTER HALL ; The BANQUETING HOUSE ; Part of Somerset House and Garden ; Royal Coat of Arms ; Portraits of King William and Queen Mary ; City of London Coat of Arms ; Mercers Chappel ; The South Prospect of The ROYALL EXCHANGE ; The South Prospect of GUILD-HALL ; St PAULS ; The statue of KING CHARLES II at the Entrance of Cornhill.
=500  \\$aIncludes an explanation note and indexes at the lower portion of map.
=510  4\$aCrace, John Gregory, A catalogue of maps, plans and views of London, Westminster and Southwark collected and arranged by Frederick Crace (1878),$cnumber 90*, page 18
=510  4\$aHowgego, James. Printed maps of London,$bcirca 1553-1850,$cnumber 33 (3), pages 62-64
=651  \0$aLondon (England)$vMaps$vEarly works to 1800.
=655  \7$aEarly maps.$2fast$0(OCoLC)fst01752681
=700  1\$aCrace, Frederick,$d1779-1859,$eformer owner.
=700  1\$aCrace, John Gregory,$d1809-1889,$edonor.
=700  1\$aMorden, Robert,$dapproximately 1650-1703.
=700  1\$aLea, Philip,$dactive 1683-1700.
=852  41$aBritish Library$bMAPS$jMaps Crace Port. 3.90.(1.)
=856  41$3Copy at Maps Crace Port. 3.90.(1.)$uhttp://www.bl.uk/onlinegallery/onlineex/crace/l/007000000000003u00090000.html$yDigitised map
=985  \\$aRecord amended for WR1606-1727
=985  \\$aUpdated by MS generated file for WR2302-017
=CAT  \\$a12842$b40$c20130904$lBLL01$h1534
=CAT  \\$a12842$b40$c20130904$lBLL01$h1651
=CAT  \\$a12842$b40$c20130906$lBLL01$h1512
=CAT  \\$a12842$b40$c20130906$lBLL01$h1543
=CAT  \\$a12819$b40$c20131213$lBLL01$h1756
=CAT  \\$a12819$b40$c20131213$lBLL01$h1804
=CAT  \\$aBATCH-UPD$b40$c20140523$lBLL01$h2118
=CAT  \\$aW1606-1727$c20160825$lBLL01$h1743
=CAT  \\$a14185$b40$c20221219$lBLL01$h0919
=CAT  \\$aW2302-0174$c20230223$lBLL01$h2000
=FIN  \\$aY$d20130904
=FMT  \\$a  MP
=LAS  \\$aW2302-0174$b00$c20230223$lBLL01$h2000

