=LDR  02314cem a2200481 i 4500
=001  016491400
=003  Uk
=005  20230223161807.0
=007  aj\aanzn
=008  130905q1698\\\\xx\||||||\a\\\\\0\\\fre|\
=034  0\$aa$dW0000847$eW0000324$fN0513130$gN0512917$2bound
=040  \\$aUk$beng$cUk$dUk$erda
=042  \\$aukblsr
=082  04$a912.421$223
=245  00$aPLAN de la Ville DE LONDRES.
=255  \\$aScale not given$c(W 0°08'47"--W 0°03'24"/N 51°31'30"--N 51°29'17").
=264  \1$a[Place of publication not identified] :$b[publisher not identified],$c[1698]
=300  \\$a1 map ;$c11 x 18 cm
=336  \\$acartographic image$2rdacontent
=337  \\$aunmediated$2rdamedia
=338  \\$asheet$2rdacarrier
=500  \\$aDate in imprint from Printed maps of London by J. Howgego.
=500  \\$aFirst edition from Memoires et observations faites par un Voyageur en Angleterre ... published by Henry Van Bulderen in 1698.
=500  \\$aReduced copy of map Londini Angliae Regni Metropolis produced about 1690 by Joannes de Ram. Banner left blank in Southwark area.
=500  \\$aIncludes a panoramic view of London at to bottom portion of plate.
=510  4\$aCrace, John Gregory, A catalogue of maps, plans and views of London, Westminster and Southwark collected and arranged by Frederick Crace (1878),$cnumber 72, page 14
=510  4\$aHowgego, James. Printed maps of London,$bcirca 1553-1850,$cnumber 43 (1), page 69
=651  \0$aLondon (England)$vMaps$vEarly works to 1800.
=655  \7$aEarly maps.$2fast$0(OCoLC)fst01752681
=700  1\$aCrace, Frederick,$d1779-1859,$eformer owner.
=700  1\$aCrace, John Gregory,$d1809-1889,$edonor.
=852  41$aBritish Library$bMAPS$jMaps Crace Port. 2.72
=856  41$3Copy at Maps Crace Port. 2.72$uhttp://www.bl.uk/onlinegallery/onlineex/crace/p/007000000000002u00072000.html$yDigitised map
=985  \\$aRecord amended for WR1606-1727
=985  \\$aUpdated by MS generated file for WR2302-017
=CAT  \\$a12842$b40$c20130905$lBLL01$h1232
=CAT  \\$a12819$b40$c20131213$lBLL01$h1757
=CAT  \\$a12819$b40$c20131213$lBLL01$h1804
=CAT  \\$aW1606-1727$c20160825$lBLL01$h1743
=CAT  \\$aW2302-0174$c20230223$lBLL01$h2000
=FIN  \\$aY$d20130905
=FMT  \\$a  MP
=LAS  \\$aW2302-0174$b00$c20230223$lBLL01$h2000

