=LDR  02080cem a2200445 i 4500
=001  016491563
=003  Uk
=005  20230223161807.0
=007  aj\aanzn
=008  130905q1749\\\\enk||||||\a\\\\\0\\\eng|\
=034  0\$aa$dW0000818$eW0000414$fN0513129$gN0512930
=040  \\$aUk$beng$cUk$dUk$erda
=042  \\$aukblsr
=082  04$a912.421$223
=245  02$aA Plan of LONDON and WESTMINSTER :$bShewing the Forts erected by Order of the Parliament in 1643 & the Desolation by the Fire in 1666.
=255  \\$aScale not given$c(W 0°08'18"--W 0°04'14"/N 51°31'29"--N 51°29'30").
=264  \1$a[London] :$b[publisher not identified],$c[June 1749]
=300  \\$a1 map ;$c20 x 25 cm
=336  \\$acartographic image$2rdacontent
=337  \\$aunmediated$2rdamedia
=338  \\$asheet$2rdacarrier
=500  \\$aDate in imprint from Maps in British periodicals, D. Jolly.
=500  \\$aPublished in the Gentelman's Magazine, June 1749. Numbered for reference.
=510  4\$aCrace, John Gregory, A catalogue of maps, plans and views of London, Westminster and Southwark collected and arranged by Frederick Crace (1878),$cnumber 38, page 7
=510  4\$aJolly, David C. Maps in British periodicals. Part 1, Major monthlies,$bbefore 1800,$cGENT-64, page 53
=651  \0$aLondon (England)$vMaps$vEarly works to 1800.
=655  \7$aEarly maps.$2fast$0(OCoLC)fst01752681
=700  1\$aCrace, Frederick,$d1779-1859,$eformer owner.
=700  1\$aCrace, John Gregory,$d1809-1889,$edonor.
=852  41$aBritish Library$bMAPS$jMaps Crace Port. 1.38
=856  41$3Copy at Maps Crace Port. 1.38$uhttp://www.bl.uk/onlinegallery/onlineex/crace/a/007000000000001u00038000.html$yDigitised map
=985  \\$aRecord amended for WR1606-1727
=985  \\$aUpdated by MS generated file for WR2302-017
=CAT  \\$a12842$b40$c20130905$lBLL01$h1646
=CAT  \\$a12819$b40$c20131213$lBLL01$h1757
=CAT  \\$aW1606-1727$c20160825$lBLL01$h1742
=CAT  \\$aW2302-0174$c20230223$lBLL01$h2000
=FIN  \\$aY$d20130905
=FMT  \\$a  MP
=LAS  \\$aW2302-0174$b00$c20230223$lBLL01$h2000

