=LDR  02032cfm a2200433 i 4500
=001  016491675
=003  Uk
=005  20230223161807.0
=007  aj\aanzn
=008  130906q1770\\\\xx\||||||\a\\\\\0\\\eng|\
=034  1\$aa$b12500$dW0000941$eW0000226$fN0513153$gN0512903$2bound
=040  \\$aUk$beng$cUk$dUk$erda
=042  \\$aukblsr
=082  04$a912.421$223
=245  03$a[A drawn map of London, Westminster and Southwark].
=255  \\$aScale approximately 1:12,500$c(W 0°09'41"--W 0°02'26"/N 51°31'53"--N 51°29'03").
=264  \0$a[Place of production not identified] :$b[producer not identified],$c[1770]
=300  \\$a1 map ;$c43 x 67 cm
=336  \\$acartographic image$2rdacontent
=337  \\$aunmediated$2rdamedia
=338  \\$asheet$2rdacarrier
=500  \\$aPen and ink on paper.
=500  \\$aUnsigned and undated. Note in A catalogue of maps, plans and views of London, Westminster and Southwark collected and arranged by Frederick Crace: An actual survey made by Wm. Faden, St. Martin's Lane, 1770.
=510  4\$aCrace, John Gregory, A catalogue of maps, plans and views of London, Westminster and Southwark collected and arranged by Frederick Crace (1878),$cnumber 136, page 27
=651  \0$aLondon (England)$vMaps$vEarly works to 1800.
=655  \7$aEarly maps.$2fast$0(OCoLC)fst01752681
=700  1\$aCrace, Frederick,$d1779-1859,$eformer owner.
=700  1\$aCrace, John Gregory,$d1809-1889,$edonor.
=852  41$aBritish Library$bMAPS$jMaps Crace Port. 4.136
=856  41$3Copy at Maps Crace Port. 4.136$uhttp://www.bl.uk/onlinegallery/onlineex/crace/other/007zzz000000004u00136000.html$yDigitised map
=985  \\$aRecord amended for WR1606-1727
=985  \\$aUpdated by MS generated file for WR2302-017
=CAT  \\$a12842$b40$c20130906$lBLL01$h1052
=CAT  \\$a12819$b40$c20131213$lBLL01$h1758
=CAT  \\$aW1606-1727$c20160825$lBLL01$h1742
=CAT  \\$aW2302-0174$c20230223$lBLL01$h2000
=FIN  \\$aY$d20130906
=FMT  \\$a  MP
=LAS  \\$aW2302-0174$b00$c20230223$lBLL01$h2000

