=LDR  03350cem a2200601 i 4500
=001  016493361
=003  Uk
=005  20230223161808.0
=007  aj\aanzn
=008  130909s1677\\\\enk||||||\a\\\\\0\\\eng|\
=034  1\$aa$b1200$dW0015300$eW0015549$fN0513132$gN0513024$2bound
=040  \\$aUk$beng$cUk$dUk$erda
=042  \\$aukblsr
=082  04$a912.421$223
=100  1\$aOgilby, John,$d1600-1676.
=245  12$aA LARGE AND ACCURATE MAP OF THE CITY OF LONDON. :$bIchnographically Describing all the Streets, Lanes, Alleys, Courts, yards, Churches, Halls and Houses &c. Actually Surveyed and Delineated, /$cBy John Ogilby, Esq; His Majesties Cosmographer. 1677.
=255  \\$aScale approximately 1:1,200$c(W 1°53'00"--W 1°55'49"/N 51°31'32"--N 51°30'24").
=264  \1$a[London] :$bJ. Ogilby,$c1677.
=300  \\$a1 map on 20 sheets ;$c138 x 247 cm, sheets 40 x 50 cm or smaller
=336  \\$acartographic image$2rdacontent
=337  \\$aunmediated$2rdamedia
=338  \\$asheet$2rdacarrier
=500  \\$aContains dedication to Lord Mayor, the Aldermen and Sheriffs from William Morgan.
=500  \\$aPost-fire map of London in 20 sheets.
=500  \\$aFacsimile of the plan was published in 1976 with introductory notes by Ralph Hyde.
=510  4\$aCrace, John Gregory, A catalogue of maps, plans and views of London, Westminster and Southwark collected and arranged by Frederick Crace (1878),$cnumber 61, pages 11-12
=520  \\$aLarge map of London printed in 20 sheets featuring title along the top, city arms and dedication to the Lord Mayor, the Aldermen and Sheriffs of the city in cartouche at top left and arms of Sheldon, Lord Mayor at top right and with compass star and dividers at bottom centre. This is the first accurate and detailed map of London, with all the buildings represented in plan rather than as bird's eye views.
=585  \\$aCopy at Maps Crace Port. 2.61. Exhibited: 'Picturing Places' (online), 27 April 2017-.$5Uk
=585  \\$aCopy at Maps Crace Port. 2.61. Exhibited: 'Picturing Places' (online), 20 April 2017-.$5Uk
=651  \0$aLondon (England)$vMaps$vEarly works to 1800.
=655  \7$aEarly maps.$2fast$0(OCoLC)fst01752681
=700  1\$aCrace, Frederick,$d1779-1859,$eformer owner.
=700  1\$aCrace, John Gregory,$d1809-1889,$edonor.
=700  1\$aMorgan, William,$d-1690.
=700  1\$aHollar, Wenceslaus,$d1607-1677,$eengraver.
=852  41$aBritish Library$bMAPS$jMaps Crace Port. 2.61
=856  41$3Copy at Maps Crace Port. 2.61$uhttp://www.bl.uk/onlinegallery/onlineex/crace/l/007000000000002u00061000.html$yDigitised map
=985  \\$aUpgraded from BL georeferencer data 2022-11-17.
=985  \\$aRecord amended for WR1606-1727
=985  \\$aUpdated by MS generated file for WR2302-017
=CAT  \\$a12842$b40$c20130909$lBLL01$h1527
=CAT  \\$a12842$b40$c20130909$lBLL01$h1548
=CAT  \\$a12819$b40$c20131213$lBLL01$h1758
=CAT  \\$a12819$b40$c20131213$lBLL01$h1804
=CAT  \\$aW1606-1727$c20160825$lBLL01$h1743
=CAT  \\$a12591$b40$c20180619$lBLL01$h1721
=CAT  \\$a8250$b40$c20190531$lBLL01$h0905
=CAT  \\$a14185$b40$c20221201$lBLL01$h1742
=CAT  \\$a14185$b40$c20221204$lBLL01$h1856
=CAT  \\$aW2302-0174$c20230223$lBLL01$h2000
=FIN  \\$aY$d20130909
=FMT  \\$a  MP
=LAS  \\$aW2302-0174$b00$c20230223$lBLL01$h2000

