=LDR  02877cem a2200529 i 4500
=001  016496877
=003  Uk
=005  20230223161808.0
=007  aj\canzn
=008  130912m17921799enk||||||\a\\\\\0\\\eng|\
=034  1\$aa$b2500$dW0001000$eW0000131$fN0513142$gN0512901$2bound
=040  \\$aUk$beng$cUk$dUk$erda
=042  \\$aukblsr
=082  04$a912.421$223
=100  1\$aHorwood, Richard,$ecartographer.
=245  10$aPLAN of the Cities of LONDON and WESTMINSTER the Borough of SOUTHWARK, and PARTS adjoining Shewing every HOUSE /$cBy R. Horwood.
=255  \\$aScale approximately 1:2,500$c(W 0°10'00"--W 0°01'31"/N 51°31'42"--N 51°29'01").
=264  \1$a[London] :$bR. Horwood,$c1792-1799.
=300  \\$a1 map on 32 sheets :$bcolour ;$c220 x 403 cm, sheets 58 x 53 cm
=336  \\$acartographic image$2rdacontent
=337  \\$aunmediated$2rdamedia
=338  \\$asheet$2rdacarrier
=500  \\$aContains dedication from Richard Horwood to the Trustees and Directors of the Phoenix Fire-Office.
=500  \\$aEach sheet has the imprint PUBLISHED AS THE ACT DIRECTS BY R. HORWOOD MAY 24 1799. Sheet A1 has, Febry. 17, 1794, sheet A2 - January 23d, 1794, sheet A3 - Jany. 28th. 1794, sheet A4 - April 10th. 1794, sheet B1 - Octr: 25th, 1793, sheet B2 - June 22d 1792, sheet B3 - January 2d 1795, sheet B4 - January 2d 1795.
=500  \\$aPlates A1, A2, B1, B2 engraved by Spear Star Alley Fenchurch-Street. Plates A3, A4, B3, B4 and D4 by J.T. Plate H1 by Ash, Sculp Adams Place, Borough.
=500  \\$aIncludes an explanatory note and key to symbols.
=510  4\$aCrace, John Gregory, A catalogue of maps, plans and views of London, Westminster and Southwark collected and arranged by Frederick Crace (1878),$cnumber 173, page 33
=510  4\$aHowgego, James. Printed maps of London,$bcirca 1553 - 1850,$cnumber 200 (1), pages 156-157
=651  \0$aLondon (England)$vMaps$vEarly works to 1800.
=655  \7$aEarly maps.$2fast$0(OCoLC)fst01752681
=700  1\$aCrace, Frederick,$d1779-1859,$eformer owner.
=700  1\$aCrace, John Gregory,$d1809-1889,$edonor.
=700  1\$aSpear, Richard,$dactive 1790-1820,$eengraver.
=700  1\$aAsh, John,$dactive 1792-1823,$eengraver.
=700  0\$aT. J.,$dactive 1794-1799,$eengraver.
=852  41$aBritish Library$bMAPS$jMaps Crace Port. 5.173
=856  41$3Copy at Maps Crace Port. 5.173$uhttp://www.bl.uk/onlinegallery/onlineex/crace/p/007zzz000000005u00173000.html$yDigitised map
=985  \\$a3x 700=NEW
=985  \\$aRecord amended for WR1606-1727
=985  \\$aUpdated by MS generated file for WR2302-017
=CAT  \\$a12842$b40$c20130912$lBLL01$h1926
=CAT  \\$a12819$b40$c20131213$lBLL01$h1758
=CAT  \\$aW1606-1727$c20160825$lBLL01$h1742
=CAT  \\$aW2302-0174$c20230223$lBLL01$h2000
=FIN  \\$aY$d20130912
=FMT  \\$a  MP
=LAS  \\$aW2302-0174$b00$c20230223$lBLL01$h2000

