=LDR  02234cem a2200481 i 4500
=001  016497105
=003  Uk
=005  20230223161808.0
=007  aj\canzn
=008  130913s1761\\\\enk||||||\a\\\\\0\\\eng|\
=034  0\$aa$dW0000934$eW0000259$fN0513150$gN0512927$2bound
=040  \\$aUk$beng$cUk$dUk$erda
=042  \\$aukblsr
=082  04$a912.421$223
=100  1\$aBowles, Thomas,$d-1767.
=245  14$aTHE CITY GUIDE OR A POCKET PLAN OF LONDON, WESTMINSTER and SOUTHWARK with the New Buildings to the Year 1761.
=255  \\$aScale not given$c(W 0°09'34"--W 0°02'59"/N 51°31'50"--N 51°29'27").
=264  \1$a[London] :$bSold by T. Bowles in St. Pauls Church Yard, & Iohn Bowles & Son at the Black Horse, Cornhill,$c1761.
=300  \\$a1 map :$bcolour ;$c29 x 51 cm
=336  \\$acartographic image$2rdacontent
=337  \\$aunmediated$2rdamedia
=338  \\$asheet$2rdacarrier
=500  \\$aFirst edition. J. Bayly's name erased and no bridge at Blackfriars.
=500  \\$aBuilt-up areas stippled in City, hatched elsewhere.
=510  4\$aCrace, John Gregory, A catalogue of maps, plans and views of London, Westminster and Southwark collected and arranged by Frederick Crace (1878),$cnumber 121, page24
=510  4\$aHowgego, James. Printed maps of London,$bcirca 1553-1850,$cnumber 117 (1), page 109
=651  \0$aLondon (England)$vMaps$vEarly works to 1800.
=655  \7$aEarly maps.$2fast$0(OCoLC)fst01752681
=700  1\$aCrace, Frederick,$d1779-1859,$eformer owner.
=700  1\$aCrace, John Gregory,$d1809-1889,$edonor.
=700  1\$aBowles, John,$d1701-1779.
=852  41$aBritish Library$bMAPS$jMaps Crace Port. 4.121
=856  41$3Copy at Maps Crace Port. 4.121$uhttp://www.bl.uk/onlinegallery/onlineex/crace/t/007zzz000000004u00121000.html$yDigitised map
=985  \\$aRecord amended for WR1606-1727
=985  \\$aUpdated by MS generated file for WR2302-017
=CAT  \\$a12842$b40$c20130913$lBLL01$h1130
=CAT  \\$a12819$b40$c20131213$lBLL01$h1759
=CAT  \\$a12819$b40$c20131213$lBLL01$h1804
=CAT  \\$aW1606-1727$c20160825$lBLL01$h1742
=CAT  \\$aW2302-0174$c20230223$lBLL01$h2000
=FIN  \\$aY$d20130913
=FMT  \\$a  MP
=LAS  \\$aW2302-0174$b00$c20230223$lBLL01$h2000

