=LDR  02437cem a2200505 i 4500
=001  016497341
=003  Uk
=005  20230223161809.0
=007  aj\aanzn
=008  130913q1850\\\\xx\||||||\a\\\\\0\\\eng|\
=034  0\$aa$dW0000826$eE0004035$fN0513119$gN0512622$2bound
=040  \\$aUk$beng$cUk$dUk$erda
=042  \\$aukblsr
=082  04$a912.421$223
=245  00$a[Two maps of London and Thames Estuary].
=255  \\$aScale not given$c(W 0°08'26"--E 0°40'35"/N 51°31'19"--N 51°26'22").
=264  \1$a[Place of publication not identified] :$b[publisher not identified],$c[about 1850]
=300  \\$a2 maps on 1 sheet ;$c31 x 63 cm or smaller, sheet 50 x 67 cm
=336  \\$acartographic image$2rdacontent
=337  \\$aunmediated$2rdamedia
=338  \\$asheet$2rdacarrier
=500  \\$aThis map is a combination of two plans. Upper portion of plate is a reduced copy of map of London and the Thames Estuary with The Prospect of London and views of Greenwich, Wulwich, Erith and Graves End, produced by Jonas Moore in 1662.
=510  4\$aCrace, John Gregory, A catalogue of maps, plans and views of London, Westminster and Southwark collected and arranged by Frederick Crace (1878),$cnumber 44, page 7
=510  4\$aHolmes, Martin, A Seventeenth-century Map of London and the Thames. London Topographical Record, volume XX, 1952,$cpages 24-33
=650  \0$aRivers$zEngland$zLondon$vMaps.
=651  \0$aThames River (England)$vMaps.
=651  \0$aLondon (England)$vMaps.
=655  \7$aMaps.$2fast$0(OCoLC)fst01423704
=700  1\$aCrace, Frederick,$d1779-1859,$eformer owner.
=700  1\$aCrace, John Gregory,$d1809-1889,$edonor.
=700  1\$aMoore, Jonas,$cSir,$d1617-1679.
=852  41$aBritish Library$bMAPS$jMaps Crace Port. 1.44
=856  41$3Copy at Maps Crace Port. 1.44$uhttp://www.bl.uk/onlinegallery/onlineex/crace/l/007000000000001u00044000.html$yDigitised map
=985  \\$aRecord amended for WR1606-1727
=985  \\$aUpdated by MS generated file for WR2302-017
=CAT  \\$a12842$b40$c20130913$lBLL01$h1406
=CAT  \\$a12842$b40$c20130913$lBLL01$h1418
=CAT  \\$a12842$b40$c20131014$lBLL01$h1425
=CAT  \\$a12819$b40$c20131213$lBLL01$h1759
=CAT  \\$a12819$b40$c20131213$lBLL01$h1805
=CAT  \\$aW1606-1727$c20160825$lBLL01$h1742
=CAT  \\$aW2302-0174$c20230223$lBLL01$h2000
=FIN  \\$aY$d20130913
=FMT  \\$a  MP
=LAS  \\$aW2302-0174$b00$c20230223$lBLL01$h2000

