=LDR  03633cem a2200577 i 4500
=001  016497394
=003  Uk
=005  20230223161809.0
=007  aj\canzn
=008  130913s1752\\\\enk||||||\a\\\\\0\\\eng|\
=034  1\$aa$b8500$dW0000924$eW0000149$fN0513118$gN0512913$2bound
=040  \\$aUk$beng$cUk$dUk$erda
=042  \\$aukblsr
=082  04$a912.421$223
=100  1\$aFoster, George,$dactive 1738,$epublisher.
=245  12$aA New and exact PLAN of the CITIES of LONDON and WESTMINSTER & the Borough of SOUTHWARK to this present Year 1738 :$bExhibiting in a neater and more distinct manner not only all the New Buildings to this Year but also a considerable Number of Streets Lanes & Alleys, Churches, Inns of Courts, Halls, Hospitals &c. more than any MAP hitherto published Whereunto are added the Rates of Hackney Coachmen and Watermen with several other useful Embelishments /$cEmanl. Bowen sculp.
=255  \\$aScale approximately 1:8,500$c(W 0°09'24"--W 0°01'49"/N 51°31'18"--N 51°29'13").
=264  \1$aLONDON :$bPrinted and Published and sold by Eliz. FOSTER at the White Horse Ludgate Hill,$cAug. 30 1752.
=300  \\$a1 map :$bcolour ;$c55 x 103 cm
=336  \\$acartographic image$2rdacontent
=337  \\$aunmediated$2rdamedia
=338  \\$asheet$2rdacarrier
=500  \\$aContains dedication from the author to Sir John Barnard, Lord Mayor in cartouche with City arms.
=500  \\$aSecond edition. First published in 1738.
=500  \\$aMap is divided into squares and borders lettered and numbered for reference. Includes alphabetical table to streets and public buildings below map.
=500  \\$aCoats of arms of the twelve City livery companies at the top left.
=500  \\$aIncludes 12 insets within margins: The North West view of St. Paul's ; Banqueting House ; The Inside of the Royal Exchange ; The Custom House ; The Admiralty Office at White Hall ; The Royal Palace of St. James's. Right margin: Westminster Abby ; Guild Hall in King Street, Cheapside ; The Bank of England ; The Tower ; The Treasury ; The South Sea House in Threadneedle Street.
=500  \\$aPanel with text describing history of London bottom centre.
=500  \\$aList of rates of hackney coaches and watermen bottom centre.
=500  \\$aBoundaries of wards coloured.
=510  4\$aCrace, John Gregory, A catalogue of maps, plans and views of London, Westminster and Southwark collected and arranged by Frederick Crace (1878),$cnumber 110, page 22
=510  4\$aHowgego, James. Printed maps of London,$bcirca 1553 - 1850,$cnumber 82 (2), pages 89-90
=651  \0$aLondon (England)$vMaps$vEarly works to 1800.
=655  \7$aEarly maps.$2fast$0(OCoLC)fst01752681
=700  1\$aCrace, Frederick,$d1779-1859,$eformer owner.
=700  1\$aCrace, John Gregory,$d1809-1889,$edonor.
=700  1\$aFoster, Elizabeth,$dactive 1752,$epublisher.
=700  1\$aBowen, Emanuel,$d1693 or 1694-1767,$eengraver.
=852  41$aBritish Library$bMAPS$jMaps Crace Port. 3.110
=856  41$3Copy at Maps Crace Port. 3.110$uhttp://www.bl.uk/onlinegallery/onlineex/crace/a/007000000000003u00110000.html$yDigitised map
=985  \\$aRecord amended for WR1606-1727
=985  \\$aUpdated by MS generated file for WR2302-017
=CAT  \\$a12842$b40$c20130913$lBLL01$h1523
=CAT  \\$a12819$b40$c20131213$lBLL01$h1800
=CAT  \\$a12819$b40$c20131213$lBLL01$h1806
=CAT  \\$aW1606-1727$c20160825$lBLL01$h1742
=CAT  \\$aBATCH-UPD$b00$c20161017$lBLL01$h2052
=CAT  \\$aW2302-0174$c20230223$lBLL01$h2000
=FIN  \\$aY$d20130913
=FMT  \\$a  MP
=LAS  \\$aW2302-0174$b00$c20230223$lBLL01$h2000

