=LDR  02300cem a2200517 i 4500
=001  016497417
=003  Uk
=005  20230223161809.0
=007  aj\aanzn
=008  130913q1812\\\\enk||||||\a\\\\\0\\\eng|\
=034  0\$aa$dW0001002$eE0000042$fN0513201$gN0512850$2bound
=040  \\$aUk$beng$cUk$dUk$erda
=042  \\$aukblsr
=082  04$a912.421$223
=110  2\$aLangley & Belch,$epublisher.
=245  10$a[Langley & Belch's new map of London].
=255  \\$aScale not given$c(W 0°10'02"--E 0°00'42"/N 51°32'01"--N 51°28'50").
=264  \1$a[London] :$b[Langley & Belch],$c[1812]
=300  \\$a1 map ;$c40 x 76 cm
=336  \\$acartographic image$2rdacontent
=337  \\$aunmediated$2rdamedia
=338  \\$asheet$2rdacarrier
=500  \\$aTitle, date and publisher name taken from Printed maps of London, J. Howgego.
=500  \\$aProof impression before letters with titles added in hand. First published in 1812.
=500  \\$aIncludes 24 vignettes of prominent buildings along the top and bottom margins.
=510  4\$aCrace, John Gregory, A catalogue of maps, plans and views of London, Westminster and Southwark collected and arranged by Frederick Crace (1878),$cnumber 189, page 35
=510  4\$aHowgego, James. Printed maps of London,$bcirca 1553 - 1850,$cnumber 256, page 193
=651  \0$aLondon (England)$vMaps.
=655  \7$aMaps.$2fast$0(OCoLC)fst01423704
=700  1\$aCrace, Frederick,$d1779-1859,$eformer owner.
=700  1\$aCrace, John Gregory,$d1809-1889,$edonor.
=852  41$aBritish Library$bMAPS$jMaps Crace Port. 6.189
=856  41$3Copy at Maps Crace Port. 6.189$uhttp://www.bl.uk/onlinegallery/onlineex/crace/l/007zzz000000006u00189000.html$yDigitised map
=985  \\$aRecord amended for WR1606-1727
=985  \\$aUpdated by MS generated file for WR2302-017
=CAT  \\$a12842$b40$c20130913$lBLL01$h1602
=CAT  \\$a12842$b40$c20130913$lBLL01$h1603
=CAT  \\$a12842$b40$c20131002$lBLL01$h1138
=CAT  \\$a12842$b40$c20131014$lBLL01$h1428
=CAT  \\$a12819$b40$c20131213$lBLL01$h1800
=CAT  \\$a12819$b40$c20131213$lBLL01$h1806
=CAT  \\$aW1606-1727$c20160825$lBLL01$h1742
=CAT  \\$aW2302-0174$c20230223$lBLL01$h2000
=FIN  \\$aY$d20130913
=FMT  \\$a  MP
=LAS  \\$aW2302-0174$b00$c20230223$lBLL01$h2000

