=LDR  01955cem a2200433 i 4500
=001  016497437
=003  Uk
=005  20230223161809.0
=007  aj\aanzn
=008  130913s1832\\\\xx\||||||\a\\\\\0\\\eng|\
=034  0\$aa$dW0001002$eE0000018$fN0513213$gN0512911$2bound
=040  \\$aUk$beng$cUk$dUk$erda
=042  \\$aukblsr
=082  04$a912.421$223
=245  02$aA NEW MAP OF LONDON And the adjacent Villages Including the New Streets and Public Buildings. :$bCORRECTED TO 1832.
=255  \\$aScale not given$c(W 0°10'02"--E 0°00'18"/N 51°32'13"--N 51°29'11").
=264  \1$a[Place of publication not identified] :$b[publisher not identified],$c1832.
=300  \\$a1 map ;$c36 x 72 cm
=336  \\$acartographic image$2rdacontent
=337  \\$aunmediated$2rdamedia
=338  \\$asheet$2rdacarrier
=500  \\$aDivided into squares numbered for reference with AN ALPHABETICAL LIST OF THE PRINCIPAL STREETS below map.
=510  4\$aCrace, John Gregory, A catalogue of maps, plans and views of London, Westminster and Southwark collected and arranged by Frederick Crace (1878),$cnumber 232, page 39
=651  \0$aLondon (England)$vMaps.
=655  \7$aMaps.$2fast$0(OCoLC)fst01423704
=700  1\$aCrace, Frederick,$d1779-1859,$eformer owner.
=700  1\$aCrace, John Gregory,$d1809-1889,$edonor.
=852  41$aBritish Library$bMAPS$jMaps Crace Port. 7.232
=856  41$3Copy at Maps Crace Port. 7.232$uhttp://www.bl.uk/onlinegallery/onlineex/crace/a/007000000000007u00232000.html$yDigitised map
=985  \\$aRecord amended for WR1606-1727
=985  \\$aUpdated by MS generated file for WR2302-017
=CAT  \\$a12842$b40$c20130913$lBLL01$h1637
=CAT  \\$a12842$b40$c20131024$lBLL01$h1454
=CAT  \\$a12819$b40$c20131213$lBLL01$h1801
=CAT  \\$aW1606-1727$c20160825$lBLL01$h1742
=CAT  \\$aW2302-0174$c20230223$lBLL01$h2000
=FIN  \\$aY$d20130913
=FMT  \\$a  MP
=LAS  \\$aW2302-0174$b00$c20230223$lBLL01$h2000

