=LDR  02473cem a2200517 i 4500
=001  016497446
=003  Uk
=005  20230223161809.0
=007  aj\aanzn
=008  130913q1666\\\\ne\||||||\a\\\\\0\\\dut|\
=034  0\$aa$dW0000750$eW0000405$fN0513133$gN0512937$2bound
=040  \\$aUk$beng$cUk$dUk$erda
=042  \\$aukblsr
=082  04$a912.421$223
=100  1\$aWit, Frederik de,$d1629 or 1630-1706.
=245  10$aPLATTE GRONDT DER STADT LONDON MET DE AENWYSINGHE HOE DIE AFGEBRANDT IS.
=255  \\$aScale not given$c(W 0°07'50"--W 0°04'05"/N 51°31'33"--N 51°29'37").
=264  \1$aTot Amsterdam :$bGedruckt by Frederick de Wit inde Calverstraet by den Dam inde Witte Paskaert,$c[1666]
=300  \\$a1 map ;$c38 x 53 cm
=336  \\$acartographic image$2rdacontent
=337  \\$aunmediated$2rdamedia
=338  \\$asheet$2rdacarrier
=500  \\$aFirst edition. Bottom centre left blank.
=500  \\$aChurches and prominent buillings numbered for reference with an index at upper left and right.
=500  \\$aIncludes inset view of London in flames: 't BRANDENT LONDON, at the bottom right.
=510  4\$aCrace, John Gregory, A catalogue of maps, plans and views of London, Westminster and Southwark collected and arranged by Frederick Crace (1878),$cnumber 48, page 8
=510  4\$aHowgego, James. Printed maps of London,$bcirca 1553 - 1850,$cno. 16 (1), pp. 52-53
=546  \\$aAccompanied by text in Dutch and French describing the Great Fire.
=650  \0$aGreat Fire, London, England, 1666$vMaps$vEarly works to 1800.
=651  \0$aLondon (England)$vMaps$vEarly works to 1800.
=655  \7$aEarly maps.$2fast$0(OCoLC)fst01752681
=700  1\$aCrace, Frederick,$d1779-1859,$eformer owner.
=700  1\$aCrace, John Gregory,$d1809-1889,$edonor.
=852  41$aBritish Library$bMAPS$jMaps Crace Port. 1.48
=856  41$3Copy at Maps Crace Port. 1.48$uhttp://www.bl.uk/onlinegallery/onlineex/crace/p/007000000000001u00048000.html$yDigitised map
=985  \\$aRecord amended for WR1606-1727
=985  \\$aUpdated by MS generated file for WR2302-017
=CAT  \\$a12842$b40$c20130913$lBLL01$h1753
=CAT  \\$a12819$b40$c20131213$lBLL01$h1801
=CAT  \\$a12819$b40$c20131213$lBLL01$h1806
=CAT  \\$aW1606-1727$c20160825$lBLL01$h1743
=CAT  \\$aW2302-0174$c20230223$lBLL01$h2000
=CAT  \\$aBATCH-UPD$b00$c20231003$lBLL01$h2232
=FIN  \\$aY$d20130913
=FMT  \\$a  MP
=LAS  \\$aBATCH-UPD$b00$c20231003$lBLL01$h2232

