=LDR  01748 am a2200409 i 4500
=001  016507021
=003  Uk
=005  20131213180658.0
=008  131001q1755\\\\enk\\\\\\\\\\\000\0\eng\\
=040  \\$aUk$beng$cUk$dUk$erda
=042  \\$aukblsr
=245  00$aSUPPLEMENT TO THE Gentleman's Magazine; For the Year 1755.
=264  \1$a[London] :$bGentleman's Magazine,$c1755.
=300  \\$a1 sheet ;$c21 x 13 cm
=336  \\$atext$2rdacontent
=337  \\$aunmediated$2rdamedia
=338  \\$asheet$2rdacarrier
=500  \\$aCaption title.
=500  \\$aIncludes an account of the intended New Road from Paddington to Islington.
=510  4\$aCrace, John Gregory, A catalogue of maps, plans and views of London, Westminster and Southwark collected and arranged by Frederick Crace (1878),$cnumber 41, page 102
=650  \0$aCity planning$zEngland$zLondon$vEarly works to 1800.
=650  \0$aRoads$zEngland$zLondon$vEarly works to 1800.
=651  \0$aLondon (England)$vEarly works to 1800.
=700  1\$aCrace, Frederick,$d1779-1859,$eformer owner.
=700  1\$aCrace, John Gregory,$d1809-1889,$edonor.
=852  41$aBritish Library$bMAPS$jMaps Crace Port. 14.41.(4.)
=856  41$3Copy at Maps Crace Port. 14.41.(4.)$uhttp://www.bl.uk/onlinegallery/onlineex/crace/a/007000000000014u000410d0.html$yDigitised map
=985  \\$aRecord amended for WR1606-1727
=CAT  \\$a12842$b40$c20131001$lBLL01$h1134
=CAT  \\$a12842$b40$c20131011$lBLL01$h1318
=CAT  \\$a12842$b40$c20131011$lBLL01$h1327
=CAT  \\$a12819$b40$c20131213$lBLL01$h1801
=CAT  \\$a12819$b40$c20131213$lBLL01$h1806
=CAT  \\$aW1606-1727$c20160825$lBLL01$h1742
=FIN  \\$aY$d20131001
=FMT  \\$a  BK
=LAS  \\$aW1606-1727$b00$c20160825$lBLL01$h1742

