=LDR  01756 am a2200385 i 4500
=001  016507050
=003  Uk
=005  20131213180713.0
=008  131001q1858\\\\enk\\\\\\\\\\\000\0\eng\\
=040  \\$aUk$beng$cUk$dUk$erda
=042  \\$aukblsr
=245  00$a[Printed description of the 1735 survey of the roads etc. in Islington].
=264  \1$a[London] :$b[James S. Hodson, 22 Portugal Street],$c[1858]
=300  \\$a2 sheets ;$c22 x 15 cm or smaller
=336  \\$atext$2rdacontent
=337  \\$aunmediated$2rdamedia
=338  \\$asheet$2rdacarrier
=500  \\$aIncluded in the Crace Collection but not listed in the Catalogue of maps, plans and views of London, Westminster and Southwark collected and arranged by Frederick Crace, published in 1878.
=500  \\$aPages 11 and 12 from Perambulation of Islington and its environs by Thomas Edlyne Tomlins published in 1858.
=650  \0$aRoads$zEngland$zLondon.
=650  \0$aSurveying$xHistory$zEngland$zLondon.
=700  1\$aCrace, Frederick,$d1779-1859,$eformer owner.
=700  1\$aCrace, John Gregory,$d1809-1889,$edonor.
=700  1\$aTomlins, Thomas Edlyne,$d1804-1872.$tYseldon : a perambulation of Islington.
=852  41$aBritish Library$bMAPS$jMaps Crace Port. 17.70
=856  41$3Copy at Maps Crace Port. 17.70$uhttp://www.bl.uk/onlinegallery/onlineex/crace/p/007000000000017u00070000.html$yDigitised map
=985  \\$aRecord amended for WR1606-1727
=CAT  \\$a12842$b40$c20131001$lBLL01$h1204
=CAT  \\$a12842$b40$c20131011$lBLL01$h1325
=CAT  \\$a12819$b40$c20131213$lBLL01$h1802
=CAT  \\$a12819$b40$c20131213$lBLL01$h1807
=CAT  \\$aW1606-1727$c20160825$lBLL01$h1742
=FIN  \\$aY$d20131001
=FMT  \\$a  BK
=LAS  \\$aW1606-1727$b00$c20160825$lBLL01$h1742

