=LDR  04937cem a2200673 i 4500
=001  016509093
=003  Uk
=005  20230223161816.0
=007  aj\aanzn
=008  131001s1667\\\\enk||||||\a\\\\\0\\\eng|\
=034  1\$aa$b3700$dW0015303$eW0015547$fN0513130$gN0513012$2bound
=040  \\$aUk$beng$cUk$dUk$erda
=042  \\$aukblsr
=082  04$a912.4212$223
=100  1\$aLeake, John,$esurveyor.
=245  13$aAN EXACT SURVEIGH OF THE STREETS LANES AND CHURCHES CONTAINED WITHIN THE RUINES OF THE CITY OF LONDON :$bFIRST DESCRIBED IN SIX PLATS, BY IOHN LEAKE, IOHN IENNINGS, WILLIAM MARR, WILLM. LEYBVRN, THOMAS STREETE & RICHARD SHORTGAVE in Decber. Ao. 1666. BY THE ORDER OF THE LORD MAYOR ALDERMEN, AND COMMON COVNCELL OF THE SAID CITY. Reduced here into one intire plat, by Iohn Leake, the Citty Wall being added also; The places where the Halls stood, are exprest by Coats of Armes & all the Wards divided by pricks & Alphabet etc. /$cWenceslaus Hollar fecit, 1667 ; Ionas Moore & Ralph Graterix Surveyors.
=255  \\$aScale approximately 1:3,700$c(W 1°53'03"--W 1°55'47"/N 51°31'30"--N 51°30'12").
=264  \1$a[London] :$bPublished by Nathanaell Brooke Stationer,$c1667.
=300  \\$a1 map on 2 sheets ;$c53 x 83 cm, sheets 56 x 42 cm
=336  \\$acartographic image$2rdacontent
=337  \\$aunmediated$2rdamedia
=338  \\$asheet$2rdacarrier
=500  \\$aSecond edition. Has 'The Right Honourable Sr. WilliamTurner the Lord Major. Ao. 1669'.
=500  \\$aIncludes 'The Prospect of this Citty as it appeared from the opposite Southwarke side, in the fire time'.
=500  \\$aImprint at the bottom left-had corner: Published with the description of the Wards, by the care Industrie and Charge of Nathanaell Brooke Stationer, and are to be Sould at his shop at the Angell, in the second Yard of Gresham Colledge leading from Bishopsgate street.
=500  \\$aNumbered and lettered for reference with a list of buildings burnt at the upper right-hand corner.
=510  4\$aCrace, John Gregory, A catalogue of maps, plans and views of London, Westminster and Southwark collected and arranged by Frederick Crace (1878),$cnumber 50, pages 8-9
=510  4\$aHowgego, James. Printed maps of London,$bcirca 1553 - 1850,$cnumber 21 (2), pages 55-56
=520  \\$aThis map was reduced by John Leake from a large-scale survey on six sheets produced in December 1666 to assess the damage caused by the great fire. No copy of this large scale survey has ever been found. This is the second edition of this map, Updated and issued in 1669 with a dedication to Sir William Turner, The Lord Mayor of London for that year. The map's title appears along the top of the manuscript, With the City arms and dedication at top centre. The key to buildings destroyed in the fire appears in a table at top right, With a compass star at bottom right, Scale bar and imprint at bottom left, And an illustration of the city on fire inset at top left. The location of livery halls destroyed in the fire is indicated by their respective coats of arms. Letters identify individual City wards, With ward boundaries indicated by a pecked line. Buildings outside the city walls, Undamaged by the fire, Are represented three dimensionally.
=585  \\$aCopy at Maps Crace Port. 1.50. Exhibited: 'Picturing Places' (online), 27 April 2017-.$5Uk
=650  \0$aGreat Fire, London, England, 1666$vMaps$vEarly works to 1800.
=651  \0$aCity of London (England)$vMaps$vEarly works to 1800.
=651  \0$aLondon (England)$vMaps$vEarly works to 1800.
=655  \7$aEarly maps.$2fast$0(OCoLC)fst01752681
=700  1\$aCrace, Frederick,$d1779-1859,$eformer owner.
=700  1\$aCrace, John Gregory,$d1809-1889,$edonor.
=700  1\$aHollar, Wenceslaus,$d1607-1677,$eengraver.
=700  1\$aMoore, Jonas,$cSir,$d1617-1679,$esurveyor.
=700  1\$aGreatorex, Ralph,$dabout 1625-1675,$esurveyor.
=852  41$aBritish Library$bMAPS$jMaps Crace Port. 1.50
=856  41$3Copy at Maps Crace Port. 1.50$uhttp://www.bl.uk/onlinegallery/onlineex/crace/a/007000000000001u00050000.html$yDigitised map
=985  \\$aUpgraded from BL georeferencer data 2022-11-17.
=985  \\$a700=NEW
=985  \\$aRecord amended for WR1606-1727
=985  \\$aUpdated by MS generated file for WR2302-017
=CAT  \\$a12842$b40$c20131001$lBLL01$h1710
=CAT  \\$a12842$b40$c20131003$lBLL01$h1234
=CAT  \\$a12819$b40$c20131213$lBLL01$h1802
=CAT  \\$a12819$b40$c20131213$lBLL01$h1803
=CAT  \\$a12819$b40$c20131213$lBLL01$h1807
=CAT  \\$aW1606-1727$c20160825$lBLL01$h1743
=CAT  \\$a12591$b40$c20190321$lBLL01$h1745
=CAT  \\$a12842$b40$c20200901$lBLL01$h1831
=CAT  \\$a14185$b40$c20221201$lBLL01$h2109
=CAT  \\$a14185$b40$c20221204$lBLL01$h1857
=CAT  \\$aW2302-0174$c20230223$lBLL01$h2000
=FIN  \\$aY$d20131001
=FMT  \\$a  MP
=LAS  \\$aW2302-0174$b00$c20230223$lBLL01$h2000

