=LDR  02122 km a2200445 i 4500
=001  016517641
=003  Uk
=005  20131213180818.0
=007  kj\ho\
=008  131010s1855\\\\enknnn\\\\\\\\\\\\kneng\\
=040  \\$aUk$beng$cUk$dUk$erda
=042  \\$aukblsr
=082  04$a912.421$223
=100  1\$aTurner, Thomas,$dactive 1844-1894.
=245  10$a[Invitation to the Inauguration of the Metropolitan Cattle Market].
=264  \1$a[London] :$bDESIGNED & PRINTED BY THOS. TURNER, 8 HATTON GARDEN,$c1855.
=300  \\$a1 print :$bcolour ;$c24 x 31.5 cm
=336  \\$astill image$2rdacontent
=337  \\$aunmediated$2rdamedia
=338  \\$asheet$2rdacarrier
=500  \\$aAn invitation to the opening of the Metropolitan Cattle Market with figures, floral motifs and coat of arms of city of London with supporters.
=500  \\$aNumbered '1206' and signed 'H.L. Taylor'.
=500  \\$aThe Metropolitan Cattle Market (later Caledonian Market) was built by the City of London Corporation to design of the architect, James Bunstone Bunning. It was opened in June 1855 by Prince Albert.
=510  4\$aCrace, John Gregory, A catalogue of maps, plans and views of London, Westminster and Southwark collected and arranged by Frederick Crace (1878),$cnumber 59, page 111
=610  10$aCity of London (England).$bCorporation.
=650  \0$aMarkets$zEngland$zLondon$xHistory.
=650  \0$aInvitation cards$xHistory.
=651  \0$aLondon (England)$vPictorial works.
=700  1\$aCrace, Frederick,$d1779-1859,$eformer owner.
=700  1\$aCrace, John Gregory,$d1809-1889,$edonor.
=852  41$aBritish Library$bMAPS$jMaps Crace Port. 15.59
=856  41$3Copy at Maps Crace Port. 15.59$uhttp://www.bl.uk/onlinegallery/onlineex/crace/other/007000000000015u00059000.html$yDigitised map
=985  \\$aRecord amended for WR1606-1727
=CAT  \\$a12842$b40$c20131010$lBLL01$h1518
=CAT  \\$a12819$b40$c20131213$lBLL01$h1807
=CAT  \\$a12819$b40$c20131213$lBLL01$h1808
=CAT  \\$aW1606-1727$c20160825$lBLL01$h1742
=FIN  \\$aY$d20131010
=FMT  \\$a  VM
=LAS  \\$aW1606-1727$b00$c20160825$lBLL01$h1742

