=LDR  02481cem a2200589 a 4500
=001  015714461
=003  Uk
=005  20230223161424.0
=007  aj\aanzn
=008  101213s1722\\\\enki\\\||\a\\\\\0\e\eng|\
=034  1\$aa$b11019
=040  \\$aUk$beng$cUk$dUk
=082  04$a912.421$222
=100  1\$aStukeley, William,$d1687-1765.
=245  10$aAncient London /$coriginal drawing by Dr. Stukeley. Nov 7th 1722.
=255  \\$aScale not given.
=260  \\$a[London] :$b[William Stukeley],$c[1722]
=300  \\$a1 map ;$c28 x 19 cm
=336  \\$acartographic image$2rdacontent
=337  \\$aunmediated$2rdamedia
=338  \\$asheet$2rdacarrier
=500  \\$aPen and wash sketch map of Roman London with west to the top. An engraved version published in Itinerarium Curiosum, 1724.
=500  \\$aTitle taken from pencil annotation bottom right.
=510  4\$aCrace, John Gregory, A catalogue of maps plans and views of London, Westminster and Southwark collected and arranged by Frederick Crace (1878),$bnumber 1, page 1
=651  \0$aLondon (England)$vMaps$vEarly works to 1800.
=655  \7$aEarly maps.$2fast$0(OCoLC)fst01752681
=700  1\$aCrace, Frederick,$d1779-1859,$eformer owner.
=700  1\$aCrace, John Gregory,$d1809-1889,$edonor.
=852  41$aBritish Library$bMAPS$jMaps Crace Port. 1.1
=856  41$3Copy at Maps Crace Port. 1.1$uhttp://www.bl.uk/onlinegallery/onlineex/crace/l/007zzz000000001u00001000.html$yDigitised map
=985  \\$aRecord amended for WR1606-1727
=985  \\$aUpdated by MS generated file for WR2302-017
=CAT  \\$a12819$b40$c20101213$lBLL01$h1145
=CAT  \\$a12819$b40$c20101213$lBLL01$h1146
=CAT  \\$a12819$b40$c20101213$lBLL01$h1148
=CAT  \\$a12819$b40$c20101213$lBLL01$h1200
=CAT  \\$a12819$b40$c20101213$lBLL01$h1207
=CAT  \\$a12819$b40$c20101213$lBLL01$h1208
=CAT  \\$a12179$b40$c20101220$lBLL01$h1055
=CAT  \\$a12819$b40$c20110126$lBLL01$h1237
=CAT  \\$a12819$b40$c20110127$lBLL01$h1029
=CAT  \\$a12819$b40$c20110127$lBLL01$h1031
=CAT  \\$a12819$b40$c20110718$lBLL01$h1003
=CAT  \\$a12819$b40$c20120103$lBLL01$h1553
=CAT  \\$a12842$b40$c20120229$lBLL01$h1445
=CAT  \\$aWR13.117$c20130718$lBLL01$h1854
=CAT  \\$a12842$b40$c20130902$lBLL01$h1701
=CAT  \\$aW1606-1727$c20160825$lBLL01$h1743
=CAT  \\$aW2302-0174$c20230223$lBLL01$h1957
=FIN  \\$aY$d20101213
=FMT  \\$a  MP
=LAS  \\$aW2302-0174$b00$c20230223$lBLL01$h1957

