=LDR  02894cem a2200565 a 4500
=001  015714484
=003  Uk
=005  20230223161424.0
=007  aj\aanzn
=008  101213s1724\\\\enki\\\||\a\\\\\0\\\eng|\
=034  1\$aa$dW0015238$eW0015549$fN0513135$gN0513005$2bound
=040  \\$aUk$beng$cUk$dUk
=082  04$a912.421$222
=100  1\$aStukeley, William,$d1687-1765.
=245  10$aLondinium Augusta :$billustrissimo comiti Penbrokia moecenati eximio sacra tabula /$cStukeley delin.
=255  \\$aScale not given$c(W 1°52'38"--W 1°55'49"/N 51°31'35"--N 51°30'05").
=260  \\$a[London] :$b[William Stukeley],$c[1724]
=300  \\$a1 map ;$c29 x 18 cm
=336  \\$acartographic image$2rdacontent
=337  \\$aunmediated$2rdamedia
=338  \\$asheet$2rdacarrier
=500  \\$aEngraving of Roman London, shown with west to top of sheet.
=500  \\$aPublished in Itinerarium Curiosum, 1724.
=510  4\$aCrace, John Gregory, A catalogue of maps plans and views of London, Westminster and Southwark collected and arranged by Frederick Crace (1878),$bnumber 2, page 1
=520  \\$aThe title of this engraved map of Roman London appears along the top, with compass rose at top right. The arms of the Count of Pembroke, to whom the map is dedicated, are depicted at bottom right. Published in 'Itinerarium Curiosum' by William Stukeley, an antiquarian with a scholarly interest in sacred history, the plan shows the Roman street plan and road network, with illustrated views of the city wall and other prominent architectural and geographical features.
=651  \0$aLondon (England)$vMaps$vEarly works to 1800.
=655  \7$aEarly maps.$2fast$0(OCoLC)fst01752681
=700  1\$aCrace, John Gregory,$d1809-1889,$edonor.
=700  1\$aCrace, Frederick,$d1779-1859,$eformer owner.
=852  41$aBritish Library$bMAPS$jMaps Crace Port. 1.2
=856  41$3Copy at Maps Crace Port. 1.2$uhttp://www.bl.uk/onlinegallery/onlineex/crace/l/007zzz000000001u00002000.html$yDigitised map
=985  \\$aUpgraded from BL georeferencer data 2022-11-17.
=985  \\$aRecord amended for WR1606-1727
=985  \\$aUpdated by MS generated file for WR2302-017
=CAT  \\$a12819$b40$c20101213$lBLL01$h1211
=CAT  \\$a12819$b40$c20101214$lBLL01$h1150
=CAT  \\$a12819$b40$c20110126$lBLL01$h1238
=CAT  \\$a12819$b40$c20110715$lBLL01$h1448
=CAT  \\$a12819$b40$c20110718$lBLL01$h1003
=CAT  \\$a12842$b40$c20120405$lBLL01$h1404
=CAT  \\$a12842$b40$c20120523$lBLL01$h1038
=CAT  \\$aWR13.117$c20130718$lBLL01$h1854
=CAT  \\$a12842$b40$c20130902$lBLL01$h1702
=CAT  \\$aW1606-1727$c20160825$lBLL01$h1743
=CAT  \\$a14185$b40$c20221201$lBLL01$h1154
=CAT  \\$a14185$b40$c20221202$lBLL01$h1324
=CAT  \\$aW2302-0174$c20230223$lBLL01$h1957
=FIN  \\$aY$d20101213
=FMT  \\$a  MP
=LAS  \\$aW2302-0174$b00$c20230223$lBLL01$h1957

