=LDR  02561cem a2200553 a 4500
=001  015715443
=003  Uk
=005  20221219093410.0
=007  aj\canzn
=008  101214s1810\\\\enk\\\\||\a\\\\\0\e\eng|\
=034  1\$aa$dW0015301$eW0015555$fN0513134$gN0513015$2bound
=040  \\$aUk$beng$cUk$dUk
=082  04$a912.421$222
=100  1\$aBritton, John,$d1771-1857.
=245  10$aLondinium.
=246  14$aA drawing of antient London by Britton
=255  \\$aScale not determined$c(W 1°53'01"--W 1°55'55"/N 51°31'34"--N 51°30'15").
=260  \\$a[London :$bJohn Britton,$c1810]
=300  \\$a1 map :$bhand col. ;$c48 x 62 cm
=336  \\$acartographic image$2rdacontent
=337  \\$aunmediated$2rdamedia
=338  \\$asheet$2rdacarrier
=500  \\$aThe author of this plan of Roman London, John Britton, was an antiquary and passionate advocate of the preservation of ancient monuments. The plan shows the Roman wall, gates, street plan and road network, with some prominent architectural and geographical features presented pictorially.
=500  \\$aPen and wash sketch map of Roman London. Monuments and buildings shown pictorially.
=500  \\$aAdditional title and date from hand annotation mounted with map.
=510  4\$aCrace, John Gregory, A catalogue of maps plans and views of London, Westminster and Southwark collected and arranged by Frederick Crace (1878),$bnumber 3, page 1
=651  \0$aLondon (England)$vMaps.
=655  \0$aMaps.
=700  1\$aCrace, John Gregory,$d1809-1889,$edonor.
=700  1\$aCrace, Frederick,$d1779-1859,$eformer owner.
=852  41$aBritish Library$bMAPS$jMaps Crace Port. 1.3
=856  41$3Copy at Maps Crace Port. 1.3$uhttp://www.bl.uk/onlinegallery/onlineex/crace/l/007zzz000000001u00003000.html$yDigitised map
=985  \\$aUpgraded from georeferencer data 2022-12-16.
=985  \\$aRecord amended for WR1606-1727
=CAT  \\$a12819$b40$c20101214$lBLL01$h1635
=CAT  \\$a12819$b40$c20110126$lBLL01$h1239
=CAT  \\$a12819$b40$c20110715$lBLL01$h1450
=CAT  \\$a12819$b40$c20110715$lBLL01$h1501
=CAT  \\$a12819$b40$c20110718$lBLL01$h1004
=CAT  \\$a12842$b40$c20120404$lBLL01$h1606
=CAT  \\$a12842$b40$c20120523$lBLL01$h1054
=CAT  \\$aWR13.117$c20130718$lBLL01$h1854
=CAT  \\$a12842$b40$c20130902$lBLL01$h1705
=CAT  \\$aW1606-1727$c20160825$lBLL01$h1742
=CAT  \\$a14185$b40$c20221218$lBLL01$h1917
=CAT  \\$a14185$b40$c20221219$lBLL01$h0934
=FIN  \\$aY$d20101214
=FMT  \\$a  MP
=LAS  \\$a14185$b40$c20221219$lBLL01$h0934

