=LDR  02823cem a2200529 a 4500
=001  015717285
=003  Uk
=005  20221219092405.0
=007  aj\aanzn
=008  101214s1826\\\\enkd\\\||\a\\\\\1\\\eng|\
=034  1\$aa$dW0015244$eW0015623$fN0513154$gN0512944$2bound
=040  \\$aUk$beng$cUk$dUk
=082  04$a912.421$222
=245  00$aAuthentic remains and probable site of Roman London from the best authorities.
=255  \\$aScale not determined$c(W 1°52'44"--W 1°56'23"/N 51°31'54"--N 51°29'44").
=260  \\$a[London :$bThompson,$c1826]
=300  \\$a1 map ;$c20 x 25 cm
=336  \\$acartographic image$2rdacontent
=337  \\$aunmediated$2rdamedia
=338  \\$asheet$2rdacarrier
=500  \\$aThis engraved map of Roman London was based on archaeological discoveries of the first half of the 19th century. The map's title and scale bar feature at bottom right, with keys to sites of archaeological discoveries (coins, urns and vases in the City of London and in Southwark) in reference tables at top right and bottom left.
=500  \\$aEngraved map of Roman London. Includes index of Roman artefacts with their dates of discovery up to 1826.
=500  \\$aUnsigned and undated. Drawn by Thompson, engraved by Neele, 1826. Information taken from Catalogue of sculpture: paintings, engravings, and other works of art belonging to the Corporation [of London], together with books not included in the Catalogue of the Guildhall Library (1868).
=510  4\$aCrace, John Gregory, A catalogue of maps plans and views of London, Westminster and Southwark collected and arranged by Frederick Crace (1878),$bnumber 4, page 1
=651  \0$aLondon (England)$vMaps.
=700  1\$aCrace, John Gregory,$d1809-1889,$edonor.
=700  1\$aCrace, Frederick,$d1779-1859,$eformer owner.
=852  41$aBritish Library$bMAPS$jMaps Crace Port. 1.4
=856  41$3Copy at Maps Crace Port. 1.4$uhttp://www.bl.uk/onlinegallery/onlineex/crace/a/007zzz000000001u00004000.html$yDigitised map
=985  \\$aUpgraded from georeferencer data 2022-12-16.
=985  \\$aRecord amended for WR1606-1727
=CAT  \\$a12819$b40$c20101214$lBLL01$h1705
=CAT  \\$a12819$b40$c20110126$lBLL01$h1239
=CAT  \\$a12819$b40$c20110715$lBLL01$h1452
=CAT  \\$a12819$b40$c20110715$lBLL01$h1501
=CAT  \\$a12819$b40$c20110718$lBLL01$h1004
=CAT  \\$a12842$b40$c20120329$lBLL01$h1621
=CAT  \\$a12842$b40$c20120523$lBLL01$h1103
=CAT  \\$aWR13.117$c20130718$lBLL01$h1854
=CAT  \\$a12842$b40$c20130902$lBLL01$h1706
=CAT  \\$aW1606-1727$c20160825$lBLL01$h1742
=CAT  \\$a14185$b40$c20221218$lBLL01$h1917
=CAT  \\$a14185$b40$c20221219$lBLL01$h0924
=CAT  \\$a14185$b40$c20221219$lBLL01$h0924
=FIN  \\$aY$d20101214
=FMT  \\$a  MP
=LAS  \\$a14185$b40$c20221219$lBLL01$h0924

