=LDR  02533cem a2200541 a 4500
=001  015717702
=003  Uk
=005  20221218191753.0
=007  aj\aanzn
=008  101215s1817\\\\enki\\\||\a\\\\\1\\\eng|\
=034  1\$aa$dW0015234$eW0015559$fN0513133$gN0513004$2bound
=040  \\$aUk$beng$cUk$dUk
=082  04$a912.421$222
=110  2\$aJ. & E. Wallis.
=245  14$aThe city of London, in the time of the Saxons (about the year 1000) compiled from the most authentic documents.
=255  \\$aScale not determined$c(W 1°52'34"--W 1°55'59"/N 51°31'33"--N 51°30'04").
=260  \\$a[London :$bPublished, April 15th, 1817 by J. & E. Wallis, 42 Skinner Street, London,$c1817]
=300  \\$a1 map ;$c40 x 53 cm
=336  \\$acartographic image$2rdacontent
=337  \\$aunmediated$2rdamedia
=338  \\$asheet$2rdacarrier
=500  \\$aCopper engraved map of Saxon London. Includes history of Roman and Saxon London in text panel.
=500  \\$aJohn Wallis and son Edward Wallis located at 42 Skinner Street from 1813, when Edward joined the business. Edward continued the business after John's death in 1818.
=510  4\$aCrace, John Gregory, A catalogue of maps plans and views of London, Westminster and Southwark collected and arranged by Frederick Crace (1878),$bnumber 5, page 1
=651  \0$aLondon (England)$vMaps.
=700  1\$aCrace, John Gregory,$d1809-1889,$edonor.
=700  1\$aCrace, Frederick,$d1779-1859,$eformer owner.
=852  41$aBritish Library$bMAPS$jMaps Crace Port. 1.5
=856  41$3Copy at Maps Crace Port. 1.5$uhttp://www.bl.uk/onlinegallery/onlineex/crace/t/007zzz000000001u00005000.html$yDigitised map
=985  \\$aUpgraded from georeferencer data 2022-12-16.
=985  \\$aRecord amended for WR1606-1727
=CAT  \\$a12819$b40$c20101215$lBLL01$h1730
=CAT  \\$a12819$b40$c20110126$lBLL01$h1240
=CAT  \\$a12819$b40$c20110128$lBLL01$h1418
=CAT  \\$a12819$b40$c20110715$lBLL01$h1454
=CAT  \\$a12819$b40$c20110715$lBLL01$h1501
=CAT  \\$a12819$b40$c20110718$lBLL01$h1005
=CAT  \\$a12842$b40$c20120405$lBLL01$h1411
=CAT  \\$a12842$b40$c20120523$lBLL01$h1143
=CAT  \\$aWR13.117$c20130718$lBLL01$h1854
=CAT  \\$a12842$b40$c20130902$lBLL01$h1707
=CAT  \\$aW1606-1727$c20160825$lBLL01$h1742
=CAT  \\$aBATCH-UPD$b00$c20160825$lBLL01$h1743
=CAT  \\$aBATCH-UPD$b00$c20170211$lBLL01$h1750
=CAT  \\$a14185$b40$c20221218$lBLL01$h1917
=FIN  \\$aY$d20101215
=FMT  \\$a  MP
=LAS  \\$a14185$b40$c20221218$lBLL01$h1917

