=LDR  01817 em a2200445 a 4500
=001  015741783
=003  Uk
=005  20130902170931.0
=007  aj\aanzn
=008  110128s1810\\\\enki\\\||\a\\\\\0\\\eng\\
=034  0\$aa
=040  \\$aUk$beng$cUk$dUk
=082  04$a912.421$222
=100  1\$aDarton, William,$d1755-1819.
=245  14$aThe City of London in the time of the Saxon dynasty, about the year one thousand :$bcompiled from the most authentic documents public and private.
=246  13$aLondinium Augusta
=255  \\$aScale not given.
=260  \\$aLondon :$bWilliam Darton, 58 Holborn Hill,$c[1810]
=300  \\$a1 map ;$c38 x 41 cm
=336  \\$acartographic image$2rdacontent
=337  \\$aunmediated$2rdamedia
=338  \\$asheet$2rdacarrier
=510  1\$aCrace, John Gregory, A catalogue of maps plans and views of London, Westminster and Southwark collected and arranged by Frederick Crace (1878),$bnumber 6, page 1
=651  \0$aLondon (England)$vMaps.
=700  1\$aCrace, John Gregory,$d1809-1889,$edonor.
=700  1\$aCrace, Frederick,$d1779-1859,$eformer owner.
=852  41$aBritish Library$bMAPS$jMaps Crace Port. 1.6
=856  41$3Copy at Maps Crace Port. 1.6$uhttp://www.bl.uk/onlinegallery/onlineex/crace/l/007zzz000000001u00006000.html$yDigitised map
=985  \\$aRecord amended for WR1606-1727
=CAT  \\$a12819$b40$c20110128$lBLL01$h1410
=CAT  \\$a12819$b40$c20110715$lBLL01$h1455
=CAT  \\$a12819$b40$c20110715$lBLL01$h1500
=CAT  \\$a12819$b40$c20110718$lBLL01$h1005
=CAT  \\$a12842$b40$c20120405$lBLL01$h1410
=CAT  \\$aWR13.117$c20130718$lBLL01$h1854
=CAT  \\$a12842$b40$c20130902$lBLL01$h1709
=CAT  \\$aW1606-1727$c20160825$lBLL01$h1742
=FIN  \\$aY$d20110128
=FMT  \\$a  MP
=LAS  \\$aW1606-1727$b00$c20160825$lBLL01$h1742

