=LDR  03558cem a2200625 a 4500
=001  016063677
=003  Uk
=005  20230223161603.0
=007  aj\aanzn
=008  120403s1572\\\\gw\||||||\a\\\\\0\\\lat|\
=034  1\$aa$dW0015157$eW0015607$fN0513148$gN0512944$2bound
=040  \\$aUk$beng$cUk$dUk
=042  \\$aukblsr
=082  04$a912.421$223
=100  1\$aHogenberg, Frans,$dapproximately 1539-1590.
=245  10$aLondinum feracissimi Angliae Regni metropolis.
=255  \\$aScale not determined$c(W 1°51'57"--W 1°56'07"/N 51°31'48"--N 51°29'44").
=260  \\$a[Cologne :$bApud Godefridum Kempensem,$c1572]
=300  \\$a1 map ;$c32 x 48 cm
=336  \\$acartographic image$2rdacontent
=337  \\$aunmediated$2rdamedia
=338  \\$asheet$2rdacarrier
=500  \\$aThe title of this map of London appears at the top of the plate, flanked by Tudor and city arms. A note on the history of London features at bottom left and on the Steelyard at bottom right. Illustrated figures of merchants appear at bottom centre. Published in 'Civitates Orbis Terrarum', the map is similar in detail to the 'Copperplate Map', the earliest printed map of London of which no complete copy survives. Merchant ships, cranes, mills, bull and bear baiting pits, the large tennis courts at Westminster and the stags in St. James's are examples of London business and leisure activities. Walled gardens, elegant churches and livery halls testify to the high quality of life enjoyed by its citizens.
=500  \\$a2nd ed.; from Braun and Hogenburg's Civitates orbis terrarum, 1572.
=500  \\$aLatin notes on London and the Steelyard in panels bottom left and right corners; descriptive Latin text printed on the verso.
=500  \\$aTudor and city of London coats of arms top left and top right of plate; four figures in contemporary costumes bottom centre.
=510  4\$aCrace, John Gregory, A catalogue of maps plans and views of London, Westminster and Southwark collected and arranged by Frederick Crace (1878),$bno. 12, p. 2
=510  4\$aHowgego, James. Printed maps of London,$bcirca 1553 - 1850,$cno. 2 (2), pp. 43-45
=651  \0$aLondon (England)$vMaps$vEarly works to 1800.
=655  \7$aEarly maps.$2fast$0(OCoLC)fst01752681
=700  1\$aBraun, Georg,$d1540 or 1541-1622.
=700  1\$aCrace, Frederick,$d1779-1859,$eformer owner.
=700  1\$aCrace, John Gregory,$d1809-1889,$edonor.
=852  41$aBritish Library$bMAPS$jMaps Crace Port. 1.12.
=856  41$3Copy at Maps Crace Port. 1.12$uhttp://www.bl.uk/onlinegallery/onlineex/crace/l/007zzz000000001u00012000.html$yDigitised map
=985  \\$aUpgraded from georeferencer data 2022-12-16.
=985  \\$aRecord amended for WR# 13/070
=985  \\$aRecord amended for WR1606-1727
=985  \\$aUpdated by MS generated file for WR2302-017
=CAT  \\$a12842$b40$c20120403$lBLL01$h1702
=CAT  \\$a12842$b40$c20120404$lBLL01$h1536
=CAT  \\$a12842$b40$c20120405$lBLL01$h1153
=CAT  \\$a12842$b40$c20120416$lBLL01$h1520
=CAT  \\$a12842$b40$c20120524$lBLL01$h1218
=CAT  \\$aBATCH-UPD$b40$c20120618$lBLL01$h2346
=CAT  \\$aWR13_070$b00$c20130504$lBLL01$h0337
=CAT  \\$aWR13.117$c20130718$lBLL01$h1854
=CAT  \\$a12842$b40$c20130905$lBLL01$h1400
=CAT  \\$aW1606-1727$c20160825$lBLL01$h1743
=CAT  \\$a14185$b40$c20221218$lBLL01$h1917
=CAT  \\$a14185$b40$c20221219$lBLL01$h0926
=CAT  \\$aW2302-0174$c20230223$lBLL01$h1958
=FIN  \\$aY$d20120404
=FMT  \\$a  MP
=LAS  \\$aW2302-0174$b00$c20230223$lBLL01$h1958

