=LDR  03537cem a2200637 a 4500
=001  016063854
=003  Uk
=005  20230223161603.0
=007  aj\aanzn
=008  120404s1575\\\\fr\||||||\a\\\\\0\\\fre|\
=034  1\$aa$dW0015206$eW0015611$fN0513159$gN0512930$2bound
=040  \\$aUk$beng$cUk$dUk
=042  \\$aukblsr
=082  04$a912.421$223
=100  1\$aBelle-Forest, François de,$d1530-1583.
=245  10$aLondinum feracissimi Angliae Regni metropolis.
=246  13$a[La ville de Londres]
=255  \\$aScale not determined$c(W 1°52'06"--W 1°56'11"/N 51°31'59"--N 51°29'30").
=260  \\$a[Paris :$bN. Chesneau,$c1575]
=300  \\$a1 map ;$c31 x 49 cm
=336  \\$acartographic image$2rdacontent
=337  \\$aunmediated$2rdamedia
=338  \\$asheet$2rdacarrier
=500  \\$aThis derivative of Braun & Hogenberg's 1572 map of London was published in Belle Forest's 'La Cosmographie universelle de tout le monde'. The map's title features at the top of the plate, flanked by Tudor and city arms. Descriptive notes in French appear at bottom left and bottom right, with figures of merchants at bottom centre. The map is similar in detail to the 'Copperplate Map', the earliest printed map of London of which no complete copy survives. Merchant ships, cranes, mills, bull- and bear-baiting pits, the large tennis courts at Westminster and the stags in St. James's are examples of London business and leisure activities. Walled gardens, elegant churches and livery halls testify to the high quality of life enjoyed by its citizens.
=500  \\$aDerivative of map of London by G. Braun and F. Hogenberg first published in 1572.
=500  \\$aFrom Francois de Belle-Forest's La Cosmographie universelle de tout le monde, 1575; imprint taken from the title page.
=510  4\$aCrace, John Gregory, A catalogue of maps plans and views of London, Westminster and Southwark collected and arranged by Frederick Crace (1878),$bno. 13, p. 3
=510  4\$aHowgego, James. Printed maps of London,$bcirca 1553 - 1850,$cno. 3, p. 45
=651  \0$aLondon (England)$vMaps$vEarly works to 1800.
=655  \7$aEarly maps.$2fast$0(OCoLC)fst01752681
=700  1\$aBraun, Georg,$d1540 or 1541-1622.
=700  1\$aCrace, Frederick,$d1779-1859,$eformer owner.
=700  1\$aCrace, John Gregory,$d1809-1889,$edonor.
=700  1\$aHogenberg, Frans,$dapproximately 1539-1590.
=852  41$aBritish Library$bMAPS$jMaps Crace Port. 1.13
=856  41$3Copy at Maps Crace Port. 1.13$uhttp://www.bl.uk/onlinegallery/onlineex/crace/l/007zzz000000001u00013000.html$yDigitised map
=985  \\$aUpgraded from georeferencer data 2022-12-16.
=985  \\$aRecord amended for WR# 13/070
=985  \\$aRecord amended for WR1606-1727
=985  \\$aUpdated by MS generated file for WR2302-017
=CAT  \\$a12842$b40$c20120404$lBLL01$h1130
=CAT  \\$a12842$b40$c20120404$lBLL01$h1539
=CAT  \\$a12842$b40$c20120416$lBLL01$h1527
=CAT  \\$a12842$b40$c20120416$lBLL01$h1739
=CAT  \\$aBATCH-UPD$b40$c20120618$lBLL01$h2346
=CAT  \\$a12842$b40$c20120710$lBLL01$h1057
=CAT  \\$aWR13_070$b00$c20130504$lBLL01$h0337
=CAT  \\$aWR13.117$c20130718$lBLL01$h1854
=CAT  \\$a12842$b40$c20130905$lBLL01$h1405
=CAT  \\$aW1606-1727$c20160825$lBLL01$h1743
=CAT  \\$a14185$b40$c20221218$lBLL01$h1917
=CAT  \\$a14185$b40$c20221219$lBLL01$h0924
=CAT  \\$aW2302-0174$c20230223$lBLL01$h1958
=FIN  \\$aY$d20120404
=FMT  \\$a  MP
=LAS  \\$aW2302-0174$b00$c20230223$lBLL01$h1958

