=LDR  03783cem a2200661 a 4500
=001  016063984
=003  Uk
=005  20230223161603.0
=007  aj\aanzn
=008  120404s1657\\\\ne\||||||\a\\\\\0\\\lat|\
=034  1\$aa$dW0015201$eW0015617$fN0513147$gN0512925$2bound
=040  \\$aUk$beng$cUk$dUk
=042  \\$aukblsr
=082  04$a912.421$223
=100  1\$aHogenberg, Frans,$dapproximately 1539-1590.
=245  10$aLondinum vulgo London.
=255  \\$aScale not determined$c(W 1°52'01"--W 1°56'17"/N 51°31'47"--N 51°29'25").
=260  \\$a[Amsterdam :$bJ. Jansson,$c1657]
=300  \\$a1 map ;$c32 x 48 cm
=336  \\$acartographic image$2rdacontent
=337  \\$aunmediated$2rdamedia
=338  \\$asheet$2rdacarrier
=500  \\$aThis later edition of Braun & Hogenberg's map of London and Westminster was published in Janssen's 'Illustrorem Principumque Urbium Septentrionalium Europae'. The map's title appears in a cartouche at the foot of the plate, replacing the figures of merchants of the first edition. Tudor arms feature top right, with city arms at top left and descriptive notes to the bottom right and bottom left. The map is similar in detail to the 'Copperplate Map', the earliest printed map of London of which no complete copy survives. Merchant ships, cranes, mills, bull and bear baiting pits, the large tennis courts at Westminster and the stags in St. James's are examples of London's business and leisure activities. Walled gardens, elegant churches and livery halls testify to the high quality of life enjoyed by its citizens.
=500  \\$a3rd ed.; from J. Jansson's Illustrorem principumque urbium septentrionalium Europae, 1657.
=500  \\$aTitle in a cartouche with fruit at the bottom centre of plate has replaced the four figures of 1st and 2nd edition; the top centre occupied by the title in previous editions left blank except for some hatching.
=510  4\$aCrace, John Gregory, A catalogue of maps, plans and views of London, Westminster and Southwark collected and arranged by Frederick Crace (1878),$bno. 14, p. 3
=510  4\$aHowgego, James. Printed maps of London,$bcirca 1553 - 1850,$cno. 2 (3), pp. 43-45
=651  \0$aLondon (England)$vMaps$vEarly works to 1800.
=655  \7$aEarly maps.$2fast$0(OCoLC)fst01752681
=700  1\$aCrace, Frederick,$d1779-1859,$eformer owner.
=700  1\$aCrace, John Gregory,$d1809-1889,$edonor.
=700  1\$aBraun, Georg,$d1540 or 1541-1622.
=700  1\$aJansson, Jan,$dactive 17th century,$epublisher.
=852  41$aBritish Library$bMAPS$jMaps Crace Port. 1.14
=856  41$3Copy at Maps Crace Port. 1.14$uhttp://www.bl.uk/onlinegallery/onlineex/crace/l/007zzz000000001u00014000.html$yDigitised map
=985  \\$aUpgraded from georeferencer data 2022-12-16.
=985  \\$a700 NEW
=985  \\$aRecord amended for WR# 13/070
=985  \\$aRecord amended for WR1606-1727
=985  \\$aUpdated by MS generated file for WR2302-017
=CAT  \\$a12842$b40$c20120404$lBLL01$h1407
=CAT  \\$a12842$b40$c20120405$lBLL01$h1209
=CAT  \\$a12842$b40$c20120405$lBLL01$h1211
=CAT  \\$a12842$b40$c20120413$lBLL01$h1724
=CAT  \\$a12842$b40$c20120416$lBLL01$h1529
=CAT  \\$a12842$b40$c20120524$lBLL01$h1405
=CAT  \\$aBATCH-UPD$b40$c20120618$lBLL01$h2346
=CAT  \\$aWR13_070$b00$c20130504$lBLL01$h0338
=CAT  \\$aWR13_070C$c20130611$lBLL01$h1858
=CAT  \\$aWR13.117$c20130718$lBLL01$h1854
=CAT  \\$a12842$b40$c20130905$lBLL01$h1412
=CAT  \\$aW1606-1727$c20160825$lBLL01$h1743
=CAT  \\$a14185$b40$c20221218$lBLL01$h1917
=CAT  \\$a14185$b40$c20221219$lBLL01$h0904
=CAT  \\$aW2302-0174$c20230223$lBLL01$h1958
=FIN  \\$aY$d20120404
=FMT  \\$a  MP
=LAS  \\$aW2302-0174$b00$c20230223$lBLL01$h1958

