=LDR  01898 em a2200469 a 4500
=001  016064538
=003  Uk
=005  20201127183206.0
=007  aj\aanzn
=008  120405q1800\\\\enk||||||\a\\\\\0\e\eng|\
=034  0\$aa
=040  \\$aUk$beng$cUk$dUk
=042  \\$aukblsr
=082  04$a912.421$223
=245  00$a[Map of London in Roman, Saxon and Tudor Times].
=255  \\$aScale not given.
=260  \\$c[ca. 1800]
=300  \\$a1 map :$bhand col. ;$c50 x 71 cm
=336  \\$acartographic image$2rdacontent
=337  \\$aunmediated$2rdamedia
=338  \\$asheet$2rdacarrier
=500  \\$aUnsigned and undated.
=500  \\$aPencil and watercolour on faded yellow paper.
=500  \\$aIncluded in the Crace Collection but not listed in the Catalogue of maps, plans and views of London, Westminster and Southwark collected and arranged by Frederick Crace, published in 1878.
=651  \0$aLondon (England)$vMaps.
=700  1\$aCrace, Frederick,$d1779-1859,$eformer owner.
=700  1\$aCrace, John Gregory,$d1809-1889,$edonor.
=852  41$aBritish Library$bMAPS$jMaps Crace Port. 1.10
=856  41$3Copy at Maps Crace Port. 1.10$uhttp://www.bl.uk/onlinegallery/onlineex/crace/other/007zzz000000001u00010000.html$yDigitised map
=883  0\$aLanguage codes assigned by Bayesian analysis of words present in record$d20201028$qUk$c0.9010
=985  \\$aRecord amended for WR1606-1727
=985  \\$aUpgraded by BSS-generated file for WR2011-1472
=CAT  \\$a12842$b40$c20120405$lBLL01$h1532
=CAT  \\$a12842$b40$c20120416$lBLL01$h1517
=CAT  \\$a12842$b40$c20120418$lBLL01$h1141
=CAT  \\$aWR13.117$c20130718$lBLL01$h1854
=CAT  \\$a12842$b40$c20130902$lBLL01$h1724
=CAT  \\$aW1606-1727$c20160825$lBLL01$h1742
=CAT  \\$aW2011-1472$b00$c20201127$lBLL01$h1832
=FIN  \\$aY$d20120405
=FMT  \\$a  MP
=LAS  \\$aW2011-1472$b00$c20201127$lBLL01$h1832

