=LDR  03896cem a2200625 a 4500
=001  016065291
=003  Uk
=005  20230223161604.0
=007  aj\aanzn
=008  120410s1708\\\\enk||||||\a\\\\\0\\\eng|\
=034  1\$aa$dW0015148$eW0015617$fN0513156$gN0512933$2bound
=040  \\$aUk$beng$cUk$dUk
=042  \\$aukblsr
=082  04$a912.421$223
=100  1\$aHogenberg, Frans,$dapproximately 1539-1590.
=245  12$aA plan of London Westmr and Southwark wth ye rivr Thames :$bas they were survey'd and publish't by authority toward ye latter end of ye raign [sic] of Queen Elizabeth; or about ye year of our Lord 1600 which being compared wth ye new map of London. The prodigious increase of building and other alterations of ye names & situation of streets &c. in this last centry [sic] will plainly appear.
=255  \\$aScale not determined$c(W 1°51'48"--W 1°56'17"/N 51°31'56"--N 51°29'33").
=260  \\$a[London :$bR. Chiswell, etc. (John Nicholson, etc.),$c1708]
=300  \\$a1 map ;$c32 x 48 cm
=336  \\$acartographic image$2rdacontent
=337  \\$aunmediated$2rdamedia
=338  \\$asheet$2rdacarrier
=500  \\$aThis is the fourth edition of Braun & Hogenberg's map view of London. The title in cartouche at the foot of the plate replaces the figures of merchants from the earlier editions. Tudor arms feature at top right, with the city arms at top left and descriptive notes at bottom right and bottom left. Published in Hatton's 'A New View of London; or, an Ample Account of that City', the map is similar in detail to the 'Copperplate Map', the earliest printed map of London of which no complete copy survives. Merchant ships, cranes, mills, bull- and bear-baiting pits, the large tennis courts at Westminster and the stags in St. James's are examples of London's business and leisure activities. Walled gardens, elegant churches and livery halls testify to the high quality of life enjoyed by its citizens.
=500  \\$a4th ed.; published in E. Hatton's A New View of London; or an ample account of that city in two volumes, or eight sections.
=500  \\$aImprint taken from the titlepage of E. Hatton's edition, vol. I, 1708.
=510  4\$aCrace, John Gregory, A catalogue of maps, plans and views of London, Westminster and Southwark collected and arranged by Frederick Crace (1878),$bno. 15, p. 3
=510  4\$aHowgego, James. Printed maps of London,$bcirca 1553 - 1850,$cno. 2 (4), pp. 43-45
=651  \0$aLondon (England)$vMaps$vEarly works to 1800.
=655  \7$aEarly maps.$2fast$0(OCoLC)fst01752681
=700  1\$aBraun, Georg,$d1540 or 1541-1622.
=700  1\$aChiswell, Richard.
=700  1\$aCrace, Frederick,$d1779-1859,$eformer owner.
=700  1\$aCrace, John Gregory,$d1809-1889,$edonor.
=700  1\$aHatton, Edward,$d1664?-
=852  41$aBritish Library$bMAPS$jMaps Crace Port. 1.15
=856  41$3Copy at Maps Crace Port. 1.15$uhttp://www.bl.uk/onlinegallery/onlineex/crace/p/007zzz000000001u00015000.html$yDigitised map
=985  \\$aUpgraded from georeferencer data 2022-12-16.
=985  \\$aRecord amended for WR# 13/070
=985  \\$aRecord amended for WR1606-1727
=985  \\$aUpdated by MS generated file for WR2302-017
=CAT  \\$a12842$b40$c20120410$lBLL01$h1423
=CAT  \\$a12842$b40$c20120413$lBLL01$h1644
=CAT  \\$a12842$b40$c20120416$lBLL01$h1541
=CAT  \\$a12842$b40$c20120420$lBLL01$h1330
=CAT  \\$aBATCH-UPD$b40$c20120618$lBLL01$h2346
=CAT  \\$aWR13_070$b00$c20130504$lBLL01$h0338
=CAT  \\$aWR13.117$c20130718$lBLL01$h1854
=CAT  \\$a12842$b40$c20130905$lBLL01$h1414
=CAT  \\$aW1606-1727$c20160825$lBLL01$h1743
=CAT  \\$a14185$b40$c20221218$lBLL01$h1917
=CAT  \\$a14185$b40$c20221219$lBLL01$h0906
=CAT  \\$aW2302-0174$c20230223$lBLL01$h1958
=FIN  \\$aY$d20120410
=FMT  \\$a  MP
=LAS  \\$aW2302-0174$b00$c20230223$lBLL01$h1958

