=LDR  03139cem a2200625 a 4500
=001  016065416
=003  Uk
=005  20230223161604.0
=007  aj\aanzn
=008  120410s1595\\\\it\||||||\a\\\\\0\\\ita|\
=034  1\$aa$dW0015159$eW0015627$fN0513124$gN0512941$2bound
=040  \\$aUk$beng$cUk$dUk
=042  \\$aukblsr
=082  04$a912.421$223
=100  1\$aValegio, Francesco.
=245  10$aLondra.
=255  \\$aScale not determined$c(W 1°51'59"--W 1°56'27"/N 51°31'24"--N 51°29'41").
=260  \\$a[Venice,$c1595]
=300  \\$a1 map ;$c9 x 13 cm
=336  \\$acartographic image$2rdacontent
=337  \\$aunmediated$2rdamedia
=338  \\$asheet$2rdacarrier
=500  \\$aThis small Italian etching is one of the earliest surviving maps of the city of London. It appeared in a book by Francesco Velagio entitled 'Raccolta di le piu illustri et famose citta di tutto il mondo'. Published in Venice around 1595, the book depicts the main Italian and European cities. The map was copied for a fresco in a church in the Italian city of Mantua.
=500  \\$aThe map appears to be based on Braun and Hogenberg's map published in Civitates orbis terrarum, 1572.
=500  \\$aFrom F. Velagio's Raccolta di le piu illustri et famose citta di tutto il mondo, 1595.
=500  \\$aLater edition of the map published in c.1600; also appears in Universus terrarum orbis scriptorum calamo delineatus, tomus secundus, 1713.
=500  \\$aBuildings shown pictorially.
=510  4\$aCrace, John Gregory, A catalogue of maps, plans and views of London, Westminster and Southwark collected and arranged by Frederick Crace (1878),$bno. 16, p. 3
=510  4\$aHowgego, James. Printed maps of London,$bcirca 1553 - 1850,$cno. 5 (a), pp. 46-47
=651  \0$aLondon (England)$vMaps$vEarly works to 1800.
=655  \7$aEarly maps.$2fast$0(OCoLC)fst01752681
=700  1\$aBraun, Georg,$d1540 or 1541-1622.
=700  1\$aCrace, Frederick,$d1779-1859,$eformer owner.
=700  1\$aCrace, John Gregory,$d1809-1889,$edonor.
=700  1\$aHogenberg, Frans,$dapproximately 1539-1590.
=852  41$aBritish Library$bMAPS$jMaps Crace Port. 1.16.
=856  41$3Copy at Maps Crace Port. 1.16$uhttp://www.bl.uk/onlinegallery/onlineex/crace/l/007zzz000000001u00016000.html$yDigitised map
=985  \\$aUpgraded from georeferencer data 2022-12-16.
=985  \\$aRecord amended for WR# 13/070
=985  \\$aRecord amended for WR1606-1727
=985  \\$aUpdated by MS generated file for WR2302-017
=CAT  \\$a12842$b40$c20120410$lBLL01$h1654
=CAT  \\$a12842$b40$c20120416$lBLL01$h1604
=CAT  \\$a12842$b40$c20120416$lBLL01$h1722
=CAT  \\$aBATCH-UPD$b40$c20120618$lBLL01$h2346
=CAT  \\$aWR13_070$b00$c20130504$lBLL01$h0338
=CAT  \\$aWR13.117$c20130718$lBLL01$h1854
=CAT  \\$a12842$b40$c20130905$lBLL01$h1416
=CAT  \\$aW1606-1727$c20160825$lBLL01$h1743
=CAT  \\$a14185$b40$c20221218$lBLL01$h1917
=CAT  \\$a14185$b40$c20221219$lBLL01$h0850
=CAT  \\$aW2302-0174$c20230223$lBLL01$h1958
=FIN  \\$aY$d20120410
=FMT  \\$a  MP
=LAS  \\$aW2302-0174$b00$c20230223$lBLL01$h1958

