=LDR  02364cem a2200529 a 4500
=001  016065586
=003  Uk
=005  20230223161604.0
=007  aj\aanzn
=008  120411s1739\\\\enk||||||\a\\\\\0\\\eng|\
=034  0\$aa
=040  \\$aUk$beng$cUk$dUk
=042  \\$aukblsr
=082  04$a912.421$223
=100  1\$aMaitland, William,$d1693?-1757.
=245  12$aA view of London about the year 1560 :$breduced to this size from a large print in the collection of Sr Hans Sloane Bart. anno 1738.
=255  \\$aScale not given.
=260  \\$a[London,$c1739]
=300  \\$a1 map ;$c26 x 47 cm
=336  \\$acartographic image$2rdacontent
=337  \\$aunmediated$2rdamedia
=338  \\$asheet$2rdacarrier
=500  \\$aDate in imprint from London illustrated, B. Adams.
=500  \\$aOriginally published in W. Maitland's The History of London ..., 1739, imprint taken from this edition.
=500  \\$aA reduced version of one of the very first plans of London, attributed to Ralph Agas.
=500  \\$aIncludes index to historic sites.
=510  4\$aCrace, John Gregory, A catalogue of maps plans and views of London, Westminster and Southwark collected and arranged by Frederick Crace (1878),$bno. 17, p. 4
=510  4\$aHowgego, James. Printed maps of London,$bcirca 1553 - 1850,$cno. 8 (b), pp. 48-49
=510  4\$aAdams, Bernard, London illustrated (1983),$b1604-1851,$cno. 33 (1), p. 81
=651  \0$aLondon (England)$vMaps$vEarly works to 1800.
=655  \7$aEarly maps.$2fast$0(OCoLC)fst01752681
=700  1\$aAgas, Ralph,$d1545-1621.
=700  1\$aCrace, Frederick,$d1779-1859,$eformer owner.
=700  1\$aCrace, John Gregory,$d1809-1889,$edonor.
=852  41$aBritish Library$bMAPS$jMaps Crace Port. 1.17
=856  41$3Copy at Maps Crace Port. 1.17$uhttp://www.bl.uk/onlinegallery/onlineex/crace/a/007zzz000000001u00017000.html$yDigitised map
=985  \\$aRecord amended for WR1606-1727
=985  \\$aUpdated by MS generated file for WR2302-017
=CAT  \\$a12842$b40$c20120411$lBLL01$h1221
=CAT  \\$a12842$b40$c20120417$lBLL01$h1503
=CAT  \\$aWR13.117$c20130718$lBLL01$h1854
=CAT  \\$a12842$b40$c20130905$lBLL01$h1421
=CAT  \\$aW1606-1727$c20160825$lBLL01$h1743
=CAT  \\$aW2302-0174$c20230223$lBLL01$h1958
=FIN  \\$aY$d20120411
=FMT  \\$a  MP
=LAS  \\$aW2302-0174$b00$c20230223$lBLL01$h1958

