=LDR  03220cem a2200565 a 4500
=001  016065770
=003  Uk
=005  20230223161604.0
=007  aj\aanzn
=008  120411s1724\\\\enk||||||\a\\\\\0\\\eng|\
=034  1\$aa$dW0015151$eW0015615$fN0513139$gN0512943$2bound
=040  \\$aUk$beng$cUk$dUk
=042  \\$aukblsr
=082  04$a912.421$223
=100  1\$aHogenberg, Frans,$dapproximately 1539-1590.
=245  12$aA plan of London Westminstr & Southwark, wth ye r. Thames :$bas they were survey'd & publish't by authority towd ye latter end of ye reign of Queen Elizabeth; or about ye year of our Lord 1600 wch being compared wth ye new map of London. The prodigious increase of building & other alterations of ye names & situatn of streets &c. in this last centry [sic] will plainly apear.
=255  \\$aScale not determined$c(W 1°51'51"--W 1°56'15"/N 51°31'39"--N 51°29'43").
=260  \\$a[London,$c1724]
=300  \\$a1 map ;$c27 x 41 cm
=336  \\$acartographic image$2rdacontent
=337  \\$aunmediated$2rdamedia
=338  \\$asheet$2rdacarrier
=500  \\$aThis is derivative of Hatton's edition of Braun & Hogenberg's map-view of London. Unusually for a map of its time, most of the buildings are represented in plan instead of pictorially. The Latin text at the foot of the plate in the original are replaced by notes, in English, on the geographic and demographic growth of the city.
=500  \\$aA smaller version of the map published in 1708 in E. Hatton's A New View of London; or an ample account of that city in two volumes, or eight sections. Derivative with different cartouche and notes; most buildings shown in plan.
=510  4\$aCrace, John Gregory, A catalogue of maps plans and views of London, Westminster and Southwark collected and arranged by Frederick Crace (1878),$bno. 18, p. 4
=510  4\$aHowgego, James Laurence, Printed maps of London circa 1553-1850 (1978),$bno. 2 (a), pp. 43-45
=651  \0$aLondon (England)$vMaps$vEarly works to 1800.
=655  \7$aEarly maps.$2fast$0(OCoLC)fst01752681
=700  1\$aBraun, Georg,$d1540 or 1541-1622.
=700  1\$aCrace, Frederick,$d1779-1859,$eformer owner.
=700  1\$aCrace, John Gregory,$d1809-1889,$edonor.
=852  41$aBritish Library$bMAPS$jMaps Crace Port. 1.18
=856  41$3Copy at Maps Crace Port. 1.18$uhttp://www.bl.uk/onlinegallery/onlineex/crace/a/007zzz000000001u00018000.html$yDigitised map
=985  \\$aUpgraded from georeferencer data 2022-12-16.
=985  \\$aRecord amended for WR# 13/070
=985  \\$aRecord amended for WR1606-1727
=985  \\$aUpdated by MS generated file for WR2302-017
=CAT  \\$a12842$b40$c20120411$lBLL01$h1436
=CAT  \\$a12842$b40$c20120418$lBLL01$h1351
=CAT  \\$aBATCH-UPD$b40$c20120618$lBLL01$h2346
=CAT  \\$aWR13_070$b00$c20130504$lBLL01$h0338
=CAT  \\$aWR13.117$c20130718$lBLL01$h1854
=CAT  \\$a12842$b40$c20130905$lBLL01$h1515
=CAT  \\$aW1606-1727$c20160825$lBLL01$h1743
=CAT  \\$a14185$b40$c20221218$lBLL01$h1917
=CAT  \\$a14185$b40$c20221219$lBLL01$h0906
=CAT  \\$aW2302-0174$c20230223$lBLL01$h1958
=FIN  \\$aY$d20120411
=FMT  \\$a  MP
=LAS  \\$aW2302-0174$b00$c20230223$lBLL01$h1958

