=LDR  02535cem a2200517 a 4500
=001  016065789
=003  Uk
=005  20230223161604.0
=007  aj\aanzn
=008  120411s1646\\\\enk||||||\a\\\\\0\\\eng|\
=034  1\$aa$dW0015240$eW0015908$fN0513113$gN0512955$2bound
=040  \\$aUk$beng$cUk$dUk
=042  \\$aukblsr
=082  04$a912.421$223
=100  1\$aSpeed, John,$d1552?-1629.
=245  10$aLondon.
=255  \\$aScale not determined$c(W 1°52'40"--W 1°59'08"/N 51°31'13"--N 51°29'55").
=260  \\$a[London :$bprinted by John Legatt, for William Humble,$c1646]
=300  \\$a1 map ;$c3 x 6 cm
=336  \\$acartographic image$2rdacontent
=337  \\$aunmediated$2rdamedia
=338  \\$asheet$2rdacarrier
=500  \\$aThe title of this miniature map of London features along the river. The map's orientation is reversed horizontally so that the west is represented on the right of the map.
=500  \\$aVignette view of London cut out from map "EVROP, and the cheife Cities contayned therein, described, with the habits of most Kingdoms now in vse. By Jo. Speed. Ano Dom. 1626" originally published in Speed's atlas "A Prospect of the most Famous Parts of the World". Imprint taken from atlas' title page.
=510  4\$aCrace, John Gregory, A catalogue of maps plans and views of London, Westminster and Southwark collected and arranged by Frederick Crace (1878),$bno. 19, p. 4
=651  \0$aLondon (England)$vMaps$vEarly works to 1800.
=655  \7$aEarly maps.$2fast$0(OCoLC)fst01752681
=700  1\$aCrace, Frederick,$d1779-1859,$eformer owner.
=700  1\$aCrace, John Gregory,$d1809-1889,$edonor.
=852  41$aBritish Library$bMAPS$jMaps Crace Port. 1.19
=856  41$3Copy at Maps Crace Port. 1.19$uhttp://www.bl.uk/onlinegallery/onlineex/crace/l/007zzz000000001u00019000.html$yDigitised map
=985  \\$aUpgraded from georeferencer data 2022-12-16.
=985  \\$aRecord amended for WR1606-1727
=985  \\$aUpdated by MS generated file for WR2302-017
=CAT  \\$a12842$b40$c20120411$lBLL01$h1507
=CAT  \\$a12842$b40$c20120417$lBLL01$h1427
=CAT  \\$aWR13.117$c20130718$lBLL01$h1854
=CAT  \\$a12842$b40$c20130905$lBLL01$h1520
=CAT  \\$aW1606-1727$c20160825$lBLL01$h1743
=CAT  \\$a12842$b40$c20171027$lBLL01$h1623
=CAT  \\$a14185$b40$c20221218$lBLL01$h1917
=CAT  \\$a14185$b40$c20221219$lBLL01$h0925
=CAT  \\$aW2302-0174$c20230223$lBLL01$h1958
=FIN  \\$aY$d20120411
=FMT  \\$a  MP
=LAS  \\$aW2302-0174$b00$c20230223$lBLL01$h1958

