=LDR  02119cem a2200505 a 4500
=001  016065795
=003  Uk
=005  20230223161604.0
=007  aj\aanzn
=008  120411q1600\\\\xx\||||||\a\\\\\0\\\eng|\
=034  1\$aa$dW0015213$eW0015554$fN0513126$gN0512953$2bound
=040  \\$aUk$beng$cUk$dUk
=042  \\$aukblsr
=082  04$a912.421$223
=245  00$aLondon and Westminster.
=255  \\$aScale not determined$c(W 1°52'13"--W 1°55'54"/N 51°31'26"--N 51°29'53").
=260  \\$c[ca. 1600]
=300  \\$a1 map :$bhand col. ;$c4.5 x 6 cm
=336  \\$acartographic image$2rdacontent
=337  \\$aunmediated$2rdamedia
=338  \\$asheet$2rdacarrier
=500  \\$aHand-coloured engraved miniature map of London and Westminster; unsigned and undated.
=500  \\$aTitle at foot of plate.
=500  \\$aAreas outside the built-up area coloured green.
=510  4\$aCrace, John Gregory, A catalogue of maps plans and views of London, Westminster and Southwark collected and arranged by Frederick Crace (1878),$bno. 20, p. 4
=651  \0$aLondon (England)$vMaps$vEarly works to 1800.
=655  \7$aEarly maps.$2fast$0(OCoLC)fst01752681
=700  1\$aCrace, Frederick,$d1779-1859,$eformer owner.
=700  1\$aCrace, John Gregory,$d1809-1889,$edonor.
=852  41$aBritish Library$bMAPS$jMaps Crace Port. 1.20
=856  41$3Copy at Maps Crace Port. 1.20$uhttp://www.bl.uk/onlinegallery/onlineex/crace/l/007zzz000000001u00020000.html$yDigitised map
=985  \\$aUpgraded from georeferencer data 2022-12-16.
=985  \\$aRecord amended for WR1606-1727
=985  \\$aUpdated by MS generated file for WR2302-017
=CAT  \\$a12842$b40$c20120411$lBLL01$h1528
=CAT  \\$a12842$b40$c20120524$lBLL01$h1501
=CAT  \\$aWR13.117$c20130718$lBLL01$h1854
=CAT  \\$a12842$b40$c20130905$lBLL01$h1522
=CAT  \\$aW1606-1727$c20160825$lBLL01$h1743
=CAT  \\$a14185$b40$c20221218$lBLL01$h1917
=CAT  \\$a14185$b40$c20221219$lBLL01$h0948
=CAT  \\$aW2302-0174$c20230223$lBLL01$h1958
=FIN  \\$aY$d20120411
=FMT  \\$a  MP
=LAS  \\$aW2302-0174$b00$c20230223$lBLL01$h1958

