=LDR  02730cem a2200601 a 4500
=001  016065974
=003  Uk
=005  20230223161605.0
=007  aj\aanzn
=008  120412s1593\\\\enk||||||\a\\\\\0\\\mul|\
=034  0\$aa
=040  \\$aUk$beng$cUk$dUk
=041  0\$alat
=042  \\$aukblsr
=082  04$a912.421$223
=100  1\$aNorden, John,$d1548-1625?.
=245  10$aLondon /$cIoannes Norden Anglus descripsit anno 1593 ; Pieter vanden Keere fecit.
=255  \\$aScale not given.
=260  \\$a[London,$c1593]
=300  \\$a1 map ;$c17 x 25 cm
=336  \\$acartographic image$2rdacontent
=337  \\$aunmediated$2rdamedia
=338  \\$asheet$2rdacarrier
=500  \\$a1st ed.; published in J. Norden's Speculum Britanniae. The first parte. An historicall and chronographicall description of Middlesex, 1593. Imprint taken from the title page.
=500  \\$aRe-issued in 1623 and 1653 as A guide for cuntrey men with an enlarged table of references.
=500  \\$aMargins decorated with the arms of the twelve city livery companies.
=500  \\$aBuildings shown pictorially, identified by numbers with the key at the bottom of map.
=510  4\$aCrace, John Gregory, A catalogue of maps plans and views of London, Westminster and Southwark collected and arranged by Frederick Crace (1878),$bno. 21, p. 4
=510  4\$aHowgego, James Laurence, Printed maps of London circa 1553-1850 (1978),$bno. 5 (1), p. 46
=651  \0$aLondon (England)$vMaps$vEarly works to 1800.
=655  \7$aEarly maps.$2fast$0(OCoLC)fst01752681
=700  1\$aCrace, Frederick,$d1779-1859,$eformer owner.
=700  1\$aCrace, John Gregory,$d1809-1889,$edonor.
=700  1\$aKeere, Pieter van den,$d1571-approximately 1646,$eengraver.
=852  41$aBritish Library$bMAPS$jMaps Crace Port. 1.21
=856  41$3Copy at Maps Crace Port. 1.21$uhttp://www.bl.uk/onlinegallery/onlineex/crace/l/007zzz000000001u00021000.html$yDigitised map
=985  \\$aRecord amended for WR# 13/070
=985  \\$aRecord amended for WR1606-1727
=985  \\$aUpdated by MS generated file for WR2302-017
=CAT  \\$a12842$b40$c20120412$lBLL01$h1201
=CAT  \\$a12842$b40$c20120418$lBLL01$h1403
=CAT  \\$a12842$b40$c20120511$lBLL01$h1110
=CAT  \\$a12842$b40$c20120516$lBLL01$h1502
=CAT  \\$aWR13_070$b00$c20130504$lBLL01$h0338
=CAT  \\$aWR13.117$c20130718$lBLL01$h1854
=CAT  \\$a12842$b40$c20130905$lBLL01$h1524
=CAT  \\$aW1606-1727$c20160825$lBLL01$h1743
=CAT  \\$aBATCH-UPD$b00$c20160825$lBLL01$h1746
=CAT  \\$aBATCH-UPD$b00$c20170827$lBLL01$h2138
=CAT  \\$aW2302-0174$c20230223$lBLL01$h1958
=FIN  \\$aY$d20120412
=FMT  \\$a  MP
=LAS  \\$aW2302-0174$b00$c20230223$lBLL01$h1958

