=LDR  03067cem a2200589 a 4500
=001  016066047
=003  Uk
=005  20230223161605.0
=007  aj\aanzn
=008  120412s1593\\\\enk||||||\a\\\\\0\\\eng|\
=034  1\$aa$dW0015141$eW0015334$fN0513107$gN0512935$2bound
=040  \\$aUk$beng$cUk$dUk
=042  \\$aukblsr
=082  04$a912.421$223
=100  1\$aNorden, John,$d1548-1625?.
=245  10$aWestminster.
=255  \\$aScale not determined$c(W 1°51'41"--W 1°53'34"/N 51°31'07"--N 51°29'35").
=260  \\$a[London,$c1593]
=300  \\$a1 map ;$c15 x 25 cm
=336  \\$acartographic image$2rdacontent
=337  \\$aunmediated$2rdamedia
=338  \\$asheet$2rdacarrier
=500  \\$aThis plan-view of Westminster was published in Norden's 'Speculum Britanniae' in 1593. The title appears at top right below the royal arms, with a compass rose at the foot of the plate. Under different jurisdiction than the City of London, Westminster had developed during the middle ages into a centre of royal administration. Along the Strand are the former residences of the Bishops deposed at the Reformation. By the late 16th century, these properties were in the hands of the Queen's courtiers, statesmen and other people of influence.
=500  \\$aPublished in J. Norden's Speculum Britanniae. The first parte. An historicall and chronographicall description of Middlesex, 1593. Imprint taken from the title page.
=500  \\$aBuildings shown pictorially.
=500  \\$aA compass rose at the bottom left of map.
=510  4\$aCrace, John Gregory, A catalogue of maps plans and views of London, Westminster and Southwark collected and arranged by Frederick Crace (1878),$bno. 22, p. 4
=510  4\$aHowgego, James. Printed maps of London,$bcirca 1553 - 1850,$cp. 13
=651  \0$aLondon (England)$vMaps$vEarly works to 1800.
=655  \7$aEarly maps.$2fast$0(OCoLC)fst01752681
=700  1\$aCrace, Frederick,$d1779-1859,$eformer owner.
=700  1\$aCrace, John Gregory,$d1809-1889,$edonor.
=852  41$aBritish Library$bMAPS$jMaps Crace Port. 1.22
=856  41$3Copy at Maps Crace Port. 1.22$uhttp://www.bl.uk/onlinegallery/onlineex/crace/w/007zzz000000001u00022000.html$yDigitised map
=985  \\$aUpgraded from georeferencer data 2022-12-16.
=985  \\$aRecord amended for WR1606-1727
=985  \\$aUpdated by MS generated file for WR2302-017
=CAT  \\$a12842$b40$c20120412$lBLL01$h1413
=CAT  \\$a12842$b40$c20120418$lBLL01$h1418
=CAT  \\$a12842$b40$c20120511$lBLL01$h1102
=CAT  \\$a12842$b40$c20120516$lBLL01$h1501
=CAT  \\$aWR13.117$c20130718$lBLL01$h1854
=CAT  \\$a12842$b40$c20130905$lBLL01$h1525
=CAT  \\$aW1606-1727$c20160825$lBLL01$h1743
=CAT  \\$aBATCH-UPD$b00$c20160825$lBLL01$h1746
=CAT  \\$aBATCH-UPD$b00$c20170827$lBLL01$h2138
=CAT  \\$a14185$b40$c20221218$lBLL01$h1917
=CAT  \\$a14185$b40$c20221219$lBLL01$h0851
=CAT  \\$aW2302-0174$c20230223$lBLL01$h1958
=FIN  \\$aY$d20120412
=FMT  \\$a  MP
=LAS  \\$aW2302-0174$b00$c20230223$lBLL01$h1958

