=LDR  03381cem a2200649 a 4500
=001  016066172
=003  Uk
=005  20230223161605.0
=007  aj\aanzn
=008  120412q1723\\\\enk||||||\a\\\\\0\\\eng|\
=034  0\$aa
=040  \\$aUk$beng$cUk$dUk
=042  \\$aukblsr
=082  04$a912.421$223
=100  1\$aBowles, Thomas,$d-1767,$eengraver.
=245  12$aA plan of London as in Q. Elizabeth's days /$cTho. Bowles sculp.
=246  1\$aThe south prospect of London as it appear'd when it lay in ruins after that dreadfull fire in 1666
=255  \\$aScale not given.
=260  \\$aLondon :$bsold by John Bowles over against Stock market & at Mercers Hall in Cheapside,$c[1723]
=300  \\$a1 map ;$c36 x 56 cm
=336  \\$acartographic image$2rdacontent
=337  \\$aunmediated$2rdamedia
=338  \\$asheet$2rdacarrier
=500  \\$aIncludes 6 insets: Old buildings near ye Temple Gate in Fleet Str.; Baynards Castle; West view of Old St. Pauls; Cheapside and the Cross as before the fire 1666; Inside of the Royal Exchange as before the fire; The south prospect of London as it appear'd when it lay in ruins after that dreadfull fire in 1666.
=500  \\$aPartly based on the maps 'Ciuitas Londinum' attributed to R. Agas and 'The newest and exactest mapp of the most famous citties London and Westminster with their suburbs ...', by T. Porter.
=500  \\$aPanoramic view of London after the Great Fire in 1666 based on the view by W. Hollar.
=500  \\$aTitle proper taken from the panoramic view of London printed below the map.
=510  4\$aCrace, John Gregory, A catalogue of maps, plans and views of London, Westminster and Southwark collected and arranged by Frederick Crace (1878),$bno. 23, p. 4
=510  4\$aHowgego, James. Printed maps of London,$bcirca 1553 - 1850,$cno. 8, pp. 48-49
=510  4\$aWorms, Laurence, Baynton-Williams, Ashley. British Map Engravers. A dictionary of engravers, lithographers and their principal employers,$bto 1850,$cpp. 102-103
=651  \0$aLondon (England)$vMaps$vEarly works to 1800.
=655  \7$aEarly maps.$2fast$0(OCoLC)fst01752681
=700  1\$aCrace, Frederick,$d1779-1859,$eformer owner.
=700  1\$aCrace, John Gregory,$d1809-1889,$edonor.
=700  1\$aAgas, Ralph,$d1545-1621.
=700  1\$aHollar, Wenceslaus,$d1607-1677.
=700  1\$aBowles, John,$d1701-1779.
=700  1\$aPorter, Thomas.
=852  41$aBritish Library$bMAPS$jMaps Crace Port. 1.23
=856  41$3Copy at Maps Crace Port. 1.23$uhttp://www.bl.uk/onlinegallery/onlineex/crace/a/007000000000001u00023000.html$yDigitised map
=985  \\$aRecord amended for WR# 13/070
=985  \\$aRecord amended for WR1606-1727
=985  \\$aUpdated by MS generated file for WR2302-017
=CAT  \\$a12842$b40$c20120412$lBLL01$h1617
=CAT  \\$a12842$b40$c20120416$lBLL01$h1457
=CAT  \\$a12842$b40$c20120416$lBLL01$h1714
=CAT  \\$a12842$b40$c20120417$lBLL01$h1612
=CAT  \\$a12842$b40$c20120417$lBLL01$h1630
=CAT  \\$a12842$b40$c20120612$lBLL01$h1135
=CAT  \\$aWR13_070$b00$c20130504$lBLL01$h0338
=CAT  \\$aWR13.117$c20130718$lBLL01$h1854
=CAT  \\$a12842$b40$c20130905$lBLL01$h1528
=CAT  \\$aW1606-1727$c20160825$lBLL01$h1743
=CAT  \\$aW2302-0174$c20230223$lBLL01$h1958
=FIN  \\$aY$d20120412
=FMT  \\$a  MP
=LAS  \\$aW2302-0174$b00$c20230223$lBLL01$h1958

