=LDR  02202cem a2200517 a 4500
=001  016069977
=003  Uk
=005  20230223161606.0
=007  aj\aanzn
=008  120419s1755\\\\enk||||||\a\\\\\0\\\eng|\
=034  0\$aa
=040  \\$aUk$beng$cUk$dUk
=042  \\$aukblsr
=082  04$a912.421$223
=245  04$aThe city of London as in Q. Elisabeth's time.
=255  \\$aScale not given.
=260  \\$a[London],$c1755.
=300  \\$a1 map ;$c18 x 47 cm
=336  \\$acartographic image$2rdacontent
=337  \\$aunmediated$2rdamedia
=338  \\$asheet$2rdacarrier
=500  \\$aFrom J. Strype's edition of J. Stow's Survey of the cities of London and Westminster and borough of Southwark ..., published between 1754 and 1756.
=500  \\$aBased on a map of London attributed to Ralph Agas.
=500  \\$aBelow map: Publish'd according to Act of Parliament 1755 for Stow's survey.
=510  4\$aCrace, John Gregory, A catalogue of maps, plans and views of London, Westminster and Southwark collected and arranged by Frederick Crace (1878),$bno. 24, p. 4
=510  4\$aScott, Valerie. Tooley's dictionary of mapmakers Q-Z (2004),$cp. 222
=651  \0$aLondon (England)$vMaps$vEarly works to 1800.
=655  \7$aEarly maps.$2fast$0(OCoLC)fst01752681
=700  1\$aCrace, Frederick,$d1779-1859,$eformer owner.
=700  1\$aCrace, John Gregory,$d1809-1889,$edonor.
=700  1\$aStow, John,$d1525?-1605.
=700  1\$aAgas, Ralph,$d1545-1621.
=852  41$aBritish Library$bMAPS$jMaps Crace Port. 1.24
=856  41$3Copy at Maps Crace Port. 1.24$uhttp://www.bl.uk/onlinegallery/onlineex/crace/t/007000000000001u00024000.html$yDigitised map
=985  \\$aRecord amended for WR1606-1727
=985  \\$aUpdated by MS generated file for WR2302-017
=CAT  \\$a12842$b40$c20120419$lBLL01$h1123
=CAT  \\$a12842$b40$c20120803$lBLL01$h0955
=CAT  \\$a12842$b40$c20120803$lBLL01$h0958
=CAT  \\$aWR13.117$c20130718$lBLL01$h1854
=CAT  \\$a12842$b40$c20130905$lBLL01$h1530
=CAT  \\$aW1606-1727$c20160825$lBLL01$h1742
=CAT  \\$aW2302-0174$c20230223$lBLL01$h1958
=FIN  \\$aY$d20120419
=FMT  \\$a  MP
=LAS  \\$aW2302-0174$b00$c20230223$lBLL01$h1958

