=LDR  03171cem a2200565 a 4500
=001  016070182
=003  Uk
=005  20230223161606.0
=007  aj\aanzn
=008  120419s1789\\\\enk||||||\a\\\\\0\\\eng|\
=034  1\$aa$dW0015212$eW0015559$fN0513133$gN0513000$2bound
=040  \\$aUk$beng$cUk$dUk
=042  \\$aukblsr
=082  04$a912.421$223
=245  00$aLondon and Westminster in the reign of Queen Elizabeth, anno dom. 1563.
=255  \\$aScale not determined$c(W 1°52'12"--W 1°55'59"/N 51°31'33"--N 51°30'00").
=260  \\$a[London :$bJ. Wallis,$c1789]
=300  \\$a1 map ;$c38 x 104 cm
=336  \\$acartographic image$2rdacontent
=337  \\$aunmediated$2rdamedia
=338  \\$asheet$2rdacarrier
=500  \\$aThis is a retrospective map of Elizabethan London, giving us an idea of how people in the late 18th Century viewed the Elizabethan capital. The present-day Covent Garden is an area of fields named "Convent Garden", indicating that the area belonged to the Abbey of St Peter's at Westminster before the dissolution of monasteries in the reign of Henry VIII. The location of Tower Bridge is marked, although the actual bridge was not planned until 1879. This indicates that Londoners were thinking about bridging the river at this point one hundred years before the decisive plan to do so.
=500  \\$aImprint taken from A catalogue of maps, plans and views of London, Westminster and Southwark collected and arranged by Frederick Crace, 1878.
=500  \\$aBased on a derivative of the Agas map by G. Vertue; the earliest and largest of the several map views based on Vertue's version.
=500  \\$aThe buildings represented pictorially.
=510  4\$aCrace, John Gregory, A catalogue of maps, plans and views of London, Westminster and Southwark collected and arranged by Frederick Crace (1878),$bno. 27, p. 5
=510  4\$aHowgego, James. Printed maps of London,$bcirca 1553 - 1850,$cno. 8, pp. 48-49
=651  \0$aLondon (England)$vMaps$vEarly works to 1800.
=655  \7$aEarly maps.$2fast$0(OCoLC)fst01752681
=700  1\$aAgas, Ralph,$d1545-1621.
=700  1\$aWallis, J.$q(John),$d-1818,$epublisher.
=700  1\$aCrace, Frederick,$d1779-1859,$eformer owner.
=700  1\$aCrace, John Gregory,$d1809-1889,$edonor.
=852  41$aBritish Library$bMAPS$jMaps Crace Port. 1.27
=856  41$3Copy at Maps Crace Port. 1.27$uhttp://www.bl.uk/onlinegallery/onlineex/crace/l/007000000000001u00027000.html$yDigitised map
=985  \\$aUpgraded from georeferencer data 2022-12-16.
=985  \\$aRecord amended for WR1606-1727
=985  \\$aUpdated by MS generated file for WR2302-017
=CAT  \\$a12842$b40$c20120419$lBLL01$h1524
=CAT  \\$a12842$b40$c20120425$lBLL01$h1030
=CAT  \\$aWR13.117$c20130718$lBLL01$h1854
=CAT  \\$a12842$b40$c20130905$lBLL01$h1538
=CAT  \\$a7416$b40$c20140214$lBLL01$h1703
=CAT  \\$aW1606-1727$c20160825$lBLL01$h1742
=CAT  \\$a14185$b40$c20221218$lBLL01$h1917
=CAT  \\$a14185$b40$c20221219$lBLL01$h0907
=CAT  \\$aW2302-0174$c20230223$lBLL01$h1958
=FIN  \\$aY$d20120419
=FMT  \\$a  MP
=LAS  \\$aW2302-0174$b00$c20230223$lBLL01$h1958

