=LDR  02697cem a2200565 a 4500
=001  016070255
=003  Uk
=005  20230223161606.0
=007  aj\aanzn
=008  120419s1614\\\\enk||||||\a\\\\\0\\\eng|\
=034  1\$aa$b190080
=040  \\$aUk$beng$cUk$dUk
=042  \\$aukblsr
=082  04$a912.421$223
=100  1\$aNorden, John,$d1548-1625?.
=245  10$aMiddle-sex described with the most famous Cities of London and Westminster /$cdescribed by Iohn Nordern, augmeted by I. Speed ; Jodocus Hondius caelavit cum privilegio anno 1610.
=255  \\$aScale [ca. 1:190,080].
=260  \\$a[London :$bSolde in Popes head alley against the Exchange by George Humble,$c1614]
=300  \\$a1 map ;$c12 x 30 cm, on plate 39 x 51 cm
=336  \\$acartographic image$2rdacontent
=337  \\$aunmediated$2rdamedia
=338  \\$asheet$2rdacarrier
=500  \\$aFrom J. Speed's The Theatre of the Empire of Great Britaine ..., 1614.
=500  \\$aInsets: map of Westminster, map of London, view of Saint Peters Church (Westminster Abbey) and Saint Pauls Church (a pre-fire St. Paul's Cathedral). Explanations presented in an open book form.
=510  4\$aCrace, John Gregory, A catalogue of maps, plans and views of London, Westminster and Southwark collected and arranged by Frederick Crace (1878),$bno. 28, p. 5
=510  4\$aHowgego, James. Printed maps of London,$bcirca 1553 - 1850,$cno. 7 (2), pp. 47-48
=651  \0$aLondon (England)$vMaps$vEarly works to 1800.
=651  \0$aMiddlesex (England)$vMaps$vEarly works to 1800.
=655  \7$aEarly maps.$2fast$0(OCoLC)fst01752681
=700  1\$aSpeed, John,$d1552?-1629.
=700  1\$aHondius, Jodocus,$d1563-1612,$eengraver.
=700  1\$aHumble, George,$epublisher.
=700  1\$aCrace, Frederick,$d1779-1859,$eformer owner.
=700  1\$aCrace, John Gregory,$d1809-1889,$edonor.
=852  41$aBritish Library$bMAPS$jMaps Crace Port. 1.28
=856  41$3Copy at Maps Crace Port. 1.28$uhttp://www.bl.uk/onlinegallery/onlineex/crace/m/007000000000001u00028000.html$yDigitised map
=985  \\$aRecord amended for WR1606-1727
=985  \\$aUpdated by MS generated file for WR2302-017
=CAT  \\$a12842$b40$c20120419$lBLL01$h1656
=CAT  \\$a12842$b40$c20120425$lBLL01$h1203
=CAT  \\$aWR13.117$c20130718$lBLL01$h1854
=CAT  \\$a12842$b40$c20130905$lBLL01$h1540
=CAT  \\$a12842$b40$c20130905$lBLL01$h1543
=CAT  \\$aBATCH-UPD$b40$c20150521$lBLL01$h2025
=CAT  \\$aW1606-1727$c20160825$lBLL01$h1743
=CAT  \\$aBATCH-UPD$b00$c20170827$lBLL01$h2138
=CAT  \\$aW2302-0174$c20230223$lBLL01$h1958
=FIN  \\$aY$d20120419
=FMT  \\$a  MP
=LAS  \\$aW2302-0174$b00$c20230223$lBLL01$h1958

