=LDR  02487 em a2200493 a 4500
=001  016070626
=003  Uk
=005  20130905154510.0
=007  aj\canzn
=008  120420q1810\\\\enk||||||\a\\\\\0\\\eng|\
=034  0\$aa
=040  \\$aUk$beng$cUk$dUk
=042  \\$aukblsr
=082  04$a912.421$223
=245  00$aLondon and Westminster in the reign of Queen Elizabeth, anno dom. 1563.
=255  \\$aScale not given.
=260  \\$a[London] :$bPublished by William Darton; 58, Holborn Hill,$c[1810-1834]
=300  \\$a1 map :$bhand col. ;$c28 x 54 cm
=336  \\$acartographic image$2rdacontent
=337  \\$aunmediated$2rdamedia
=338  \\$asheet$2rdacarrier
=500  \\$aDate taken from pencil annotation at top centre.
=500  \\$aIncludes 20 insets within a border: The bull and bear-baiting, theatres, as they appeared in their first state A.D.1560; The Globe, rose and bear-baiting, theatres, as they appeared about the year 1612; Kings-gate; The Tower; This gate stood at the entrance of King Street, Westminster; Baynard's castle; Cold Harbour; Bishops-gate; Bridewell; New-gate; Cripple gate; London; Moore-gate; London Bridge; Luds-gate; Temple-bar; Corn-hill; Eal gate or Old gate; The Strand; Alders-gate.
=500  \\$aWith explanatory text and reference table to identify numbered landmarks.
=500  \\$aBased on a map of London attributed to R. Agas.
=510  4\$aCrace, John Gregory, A catalogue of maps, plans and views of London, Westminster and Southwark collected and arranged by Frederick Crace (1878),$bno. 29, p. 5
=651  \0$aLondon (England)$vMaps.
=700  1\$aCrace, Frederick,$d1779-1859,$eformer owner.
=700  1\$aCrace, John Gregory,$d1809-1889,$edonor.
=700  1\$aDarton, William,$d1755-1819,$epublisher.
=700  1\$aAgas, Ralph,$d1545-1621.
=852  41$aBritish Library$bMAPS$jMaps Crace Port. 1.29
=856  41$3Copy at Maps Crace Port. 1.29$uhttp://www.bl.uk/onlinegallery/onlineex/crace/l/007000000000001u00029000.html$yDigitised map
=985  \\$aRecord amended for WR1606-1727
=CAT  \\$a12842$b40$c20120420$lBLL01$h1448
=CAT  \\$a12842$b40$c20120426$lBLL01$h1336
=CAT  \\$a12842$b40$c20120426$lBLL01$h1545
=CAT  \\$a12842$b40$c20120704$lBLL01$h1356
=CAT  \\$aWR13.117$c20130718$lBLL01$h1854
=CAT  \\$a12842$b40$c20130905$lBLL01$h1545
=CAT  \\$aW1606-1727$c20160825$lBLL01$h1742
=FIN  \\$aY$d20120420
=FMT  \\$a  MP
=LAS  \\$aW1606-1727$b00$c20160825$lBLL01$h1742

