=LDR  02535cem a2200529 a 4500
=001  016074535
=003  Uk
=005  20230223161607.0
=007  aj\aanzn
=008  120426q1800\\\\enk||||||\a\\\\\0\\\eng|\
=034  1\$aa$dW0015206$eW0015555$fN0513143$gN0512955$2bound
=040  \\$aUk$beng$cUk$dUk
=042  \\$aukblsr
=082  04$a912.421$223
=100  1\$aNeele, Samuel John,$d1758-1824.
=245  10$aLondon and Westminster in the reign of Queen Elizabeth, anno dom. 1563 /$cNeele sculpt.
=255  \\$aScale not determined$c(W 1°52'06"--W 1°55'55"/N 51°31'43"--N 51°29'55").
=260  \\$a[London,$cca. 1800]
=300  \\$a1 map ;$c20 x 55 cm
=336  \\$acartographic image$2rdacontent
=337  \\$aunmediated$2rdamedia
=338  \\$asheet$2rdacarrier
=500  \\$aThis retrospective map of Elizabethan London was produced in the 1820s. It provides us with an idea of how people in the19th century viewed the Elizabethan city. The location of Tower Bridge is indicated on this map, even though plans for the actual bridge were not made until 1879.
=500  \\$aBased on a map of London attributed to R. Agas.
=500  \\$aThe buildings represented pictorially.
=500  \\$aAn explanatory table Londinum Antiqua along with a 10 point legend bottom left of map.
=510  4\$aCrace, John Gregory, A catalogue of maps, plans and views of London, Westminster and Southwark collected and arranged by Frederick Crace (1878),$bno. 25, p. 4
=651  \0$aLondon (England)$vMaps$vEarly works to 1800.
=655  \7$aEarly maps.$2fast$0(OCoLC)fst01752681
=700  1\$aCrace, Frederick,$d1779-1859,$eformer owner.
=700  1\$aCrace, John Gregory,$d1809-1889,$edonor.
=700  1\$aAgas, Ralph,$d1545-1621.
=852  41$aBritish Library$bMAPS$jMaps Crace Port. 1.25
=856  41$3Copy at Maps Crace Port. 1.25$uhttp://www.bl.uk/onlinegallery/onlineex/crace/l/007000000000001u00025000.html$yDigitised map
=985  \\$aUpgraded from georeferencer data 2022-12-16.
=985  \\$aRecord amended for WR1606-1727
=985  \\$aUpdated by MS generated file for WR2302-017
=CAT  \\$a12842$b40$c20120426$lBLL01$h1245
=CAT  \\$aWR13.117$c20130718$lBLL01$h1854
=CAT  \\$a12842$b40$c20130905$lBLL01$h1531
=CAT  \\$aW1606-1727$c20160825$lBLL01$h1742
=CAT  \\$a14185$b40$c20221218$lBLL01$h1917
=CAT  \\$a14185$b40$c20221219$lBLL01$h0850
=CAT  \\$aW2302-0174$c20230223$lBLL01$h1958
=FIN  \\$aY$d20120426
=FMT  \\$a  MP
=LAS  \\$aW2302-0174$b00$c20230223$lBLL01$h1958

