=LDR  02226cem a2200445 a 4500
=001  016074561
=003  Uk
=005  20230223161608.0
=007  aj\aanzn
=008  120426q1844\\\\enk||||||\a\\\\\0\\\eng|\
=034  0\$aa
=040  \\$aUk$beng$cUk$dUk
=042  \\$aukblsr
=082  04$a912.421$223
=245  00$aLondon in the olden time :$bat the respective periods of the 'occupation of Britain by the Romans' and in the 'reign of Queen Elizabeth in 1565' exhibiting at one view a curious and interesting contrast of the state of London at those two distant periods, and its utter insignificance in comparison to the London of the present day, which is not inappropriately termed the metropolis of the world.
=255  \\$aScale not given.
=260  \\$aLondon :$bpublished by Shepherd and Sutton, Foster Lane, Cheapside,$c1844.
=300  \\$a2 maps on 1 sheet ;$c16 x 43 cm or smaller
=336  \\$acartographic image$2rdacontent
=337  \\$aunmediated$2rdamedia
=338  \\$asheet$2rdacarrier
=500  \\$aTwo maps on one sheet 'Londinum Augusta' and 'London in the reign of Elizabeth' surrounded by explanatory text.
=510  4\$aCrace, John Gregory, A catalogue of maps, plans and views of London, Westminster and Southwark collected and arranged by Frederick Crace (1878),$bno. 26, pp. 4-5
=651  \0$aLondon (England)$vMaps$vEarly works to 1800.
=655  \7$aEarly maps.$2fast$0(OCoLC)fst01752681
=700  1\$aCrace, Frederick,$d1779-1859,$eformer owner.
=700  1\$aCrace, John Gregory,$d1809-1889,$edonor.
=710  1\$aShepherd & Sutton,$epublishers.
=852  41$aBritish Library$bMAPS$jMaps Crace Port. 1.26
=856  41$3Copy at Maps Crace Port. 1.26$uhttp://www.bl.uk/onlinegallery/onlineex/crace/l/007000000000001u00026000.html$yDigitised map
=985  \\$aRecord amended for WR1606-1727
=985  \\$aUpdated by MS generated file for WR2302-017
=CAT  \\$a12842$b40$c20120426$lBLL01$h1329
=CAT  \\$aWR13.117$c20130718$lBLL01$h1854
=CAT  \\$a12842$b40$c20130905$lBLL01$h1535
=CAT  \\$aW1606-1727$c20160825$lBLL01$h1742
=CAT  \\$aW2302-0174$c20230223$lBLL01$h1958
=FIN  \\$aY$d20120426
=FMT  \\$a  MP
=LAS  \\$aW2302-0174$b00$c20230223$lBLL01$h1958

