=LDR  02289cem a2200505 a 4500
=001  016074698
=003  Uk
=005  20230223161608.0
=007  aj\aanzn
=008  120426s1847\\\\enk||||||\a\\\\\0\\\eng|\
=034  0\$aa
=040  \\$aUk$beng$cUk$dUk
=042  \\$aukblsr
=082  04$a912.421$223
=100  1\$aAshley, Alfred,$eengraver.
=245  10$aLondon in the year 1560 /$cAshley.
=255  \\$aScale not given.
=260  \\$a[London,$c1847]
=300  \\$a1 map ;$c33 x 52 cm
=336  \\$acartographic image$2rdacontent
=337  \\$aunmediated$2rdamedia
=338  \\$asheet$2rdacarrier
=500  \\$aEngraved on wood for the Pictorial Times a weekly journal of news, literature, fine arts, and the drama, 2 October 1847.
=500  \\$aImprint taken from British map engravers: a dictionary of engravers, lithographers and their principal employers, L. Worms, A. Baynton-Williams.
=500  \\$aAccompanied by text describing London in 1560 and 1847.
=500  \\$aIncludes index to historic sites.
=510  4\$aCrace, John Gregory, A catalogue of maps, plans and views of London, Westminster and Southwark collected and arranged by Frederick Crace (1878),$bno. 30, p. 5
=510  4\$aWorms, Laurence, Baynton-Williams, Ashley. British map engravers: a dictionary of engravers, lithographers and their principal employers,$bto 1850,$cpp. 30-31
=651  \0$aLondon (England)$vMaps$vEarly works to 1800.
=655  \7$aEarly maps.$2fast$0(OCoLC)fst01752681
=700  1\$aCrace, Frederick,$d1779-1859,$eformer owner.
=700  1\$aCrace, John Gregory,$d1809-1889,$edonor.
=852  41$aBritish Library$bMAPS$jMaps Crace Port. 1.30
=856  41$3Copy at Maps Crace Port. 1.30$uhttp://www.bl.uk/onlinegallery/onlineex/crace/l/007000000000001u00030000.html$yDigitised map
=985  \\$aRecord amended for WR1606-1727
=985  \\$aUpdated by MS generated file for WR2302-017
=CAT  \\$a12842$b40$c20120426$lBLL01$h1536
=CAT  \\$a12842$b40$c20120704$lBLL01$h1343
=CAT  \\$aWR13.117$c20130718$lBLL01$h1854
=CAT  \\$a12842$b40$c20130905$lBLL01$h1546
=CAT  \\$aW1606-1727$c20160825$lBLL01$h1742
=CAT  \\$aW2302-0174$c20230223$lBLL01$h1958
=FIN  \\$aY$d20120426
=FMT  \\$a  MP
=LAS  \\$aW2302-0174$b00$c20230223$lBLL01$h1958

