=LDR  03216cem a2200541 a 4500
=001  016080317
=003  Uk
=005  20230223161609.0
=007  aj\aanzn
=008  120503q1645\\\\ne\||||||\a\\\\\0\\\eng|\
=034  1\$aa$b7000$dW0015257$eW0015609$fN0513129$gN0513006$2bound
=040  \\$aUk$beng$cUk$dUk
=042  \\$aukblsr
=082  04$a912.421$223
=100  1\$aDankerts, Cornelis,$d1603-1656,$eengraver.
=245  14$aThe Cittie of London.
=255  \\$aScale approximately 1:7,000$c(W 1°52'57"--W 1°56'09"/N 51°31'29"--N 51°30'06").
=260  \\$aAmsterdam :$bCornelis Dankerts,$c[ca. 1645]
=300  \\$a1 map ;$c34 x 44 cm
=336  \\$acartographic image$2rdacontent
=337  \\$aunmediated$2rdamedia
=338  \\$asheet$2rdacarrier
=500  \\$aThis map has been attributed to Augustus Ryther, an engraver who prospered between 1572 and 1592, contributing to Saxton's Atlas of 1579. This plan was produced to satisfy a European market, and contains certain inaccuracies which a native Londoner would not have tolerated. The streets appear very much wider than they were in actuality. Houses are depicted as having large gardens, when these had, in fact, begun to disappear from London two centuries before. Due to the scarcity of maps of London this rather misleading map was printed several times. This is the second edition. The map-seller's imprint has been removed and a large compass rose has been inserted. The Globe playhouse has been omitted on this edition, because of the theatre's destruction in 1644. Hoge Lane, Bedlam and Finsbury Fields have also been added. The map is shows the water conduit near Fleet Bridge, an important link in the water supply line from St Pancras.
=500  \\$a2nd ed.; attributed to Augustine Ryther.
=510  4\$aCrace, John Gregory, A catalogue of maps, plans and views of London, Westminster and Southwark collected and arranged by Frederick Crace (1878),$bno. 32, p. 5
=510  4\$aHowgego, James. Printed maps of London,$bcirca 1553 - 1850,$cno. 9 (2), p. 49
=510  4\$aFrench, Josephine, Tooley's dictionary of mapmakers A-D (1999),$bpp. 329-331
=651  \0$aLondon (England)$vMaps$vEarly works to 1800.
=655  \7$aEarly maps.$2fast$0(OCoLC)fst01752681
=700  1\$aCrace, Frederick,$d1779-1859,$eformer owner.
=700  1\$aCrace, John Gregory,$d1809-1889,$edonor.
=700  1\$aRyther, Augustine.
=852  41$aBritish Library$bMAPS$jMaps Crace Port. 1.32
=856  41$3Copy at Maps Crace Port. 1.32$uhttp://www.bl.uk/onlinegallery/onlineex/crace/t/007000000000001u00032000.html$yDigitised map
=985  \\$aUpgraded from georeferencer data 2022-12-16.
=985  \\$a100 NEW
=985  \\$aRecord amended for WR1606-1727
=985  \\$aUpdated by MS generated file for WR2302-017
=CAT  \\$a12842$b40$c20120503$lBLL01$h1640
=CAT  \\$aWR13.117$c20130718$lBLL01$h1854
=CAT  \\$a12842$b40$c20130905$lBLL01$h1555
=CAT  \\$aW1606-1727$c20160825$lBLL01$h1743
=CAT  \\$a14185$b40$c20221218$lBLL01$h1917
=CAT  \\$a14185$b40$c20221219$lBLL01$h0903
=CAT  \\$aW2302-0174$c20230223$lBLL01$h1958
=FIN  \\$aY$d20120503
=FMT  \\$a  MP
=LAS  \\$aW2302-0174$b00$c20230223$lBLL01$h1958

