=LDR  03404cem a2200589 a 4500
=001  016081445
=003  Uk
=005  20221202132542.0
=007  aj\aanzn
=008  120508s1857\\\\enk||||||\a\\\\\0\\\eng|\
=034  1\$aa$dW0015110$eW0015815$fN0513143$gN0512917$2bound
=040  \\$aUk$beng$cUk$dUk
=042  \\$aukblsr
=082  04$a912.421$223
=100  1\$aNewcourt, Richard,$d-1679.
=245  10$aLondon :$bAn exact delineation of the cities of London and Westminster and the suburbs thereof, together wth ye burrough of Southawrk and all ye through-fares, highwaies, streetes, & common alies wthm ye same composed by a scale, and ichnographically described /$cby Richard Newcourt of Somerton in the countie of Somersett gentleman ; Willm Faithorne sculpsit. ; engraved from the original by George Jarman, 1857.
=255  \\$aScale not given$c(W 1°51'10"--W 1°58'15"/N 51°31'43"--N 51°29'17").
=260  \\$aLondon :$bpublished by A.E. Evans & Sons, 403 Strand,$cMay 1st 1857.
=300  \\$a1 map on 8 sheets ;$c88 x 179 cm, sheets 46 x 50 cm
=336  \\$acartographic image$2rdacontent
=337  \\$aunmediated$2rdamedia
=338  \\$asheet$2rdacarrier
=500  \\$aZincograph reproduced from a tracing of map of London drawn by Richard Newcourt and engraved by William Faithorne published in 1658.
=500  \\$aIncludes two inset views of S. Peters Westminster (Westminster Abbey) and S. Pauls London (St. Paul's Cathedral).
=500  \\$aA historical description of London bottom right.
=500  \\$aA 127 point list of churches with references bottom left.
=500  \\$aTwelve arms of city companies top left and top right, royal arms of Charles I top centre.
=510  4\$aCrace, John Gregory, A catalogue of maps, plans and views of London, Westminster and Southwark collected and arranged by Frederick Crace (1878),$bno. 35, p. 6
=510  4\$aHowgego, James. Printed maps of London,$bcirca 1553 - 1850,$cno. 12 (a), pp. 50-51
=520  \\$aThis is a copy of the 1658 Faithorne map made in 1857. It depicts London as it stood during the last two years of the Commonwealth, before the great fire. Dense clusters of houses appear very close together, separated only by narrow streets - an indication of the city's vulnerability to fire.
=651  \0$aLondon (England)$vMaps.
=700  1\$aCrace, Frederick,$d1779-1859,$eformer owner.
=700  1\$aCrace, John Gregory,$d1809-1889,$edonor.
=700  1\$aFaithorne, William,$d1616-1691.
=700  1\$aJarman, George,$eengraver.
=852  41$aBritish Library$bMAPS$jMaps Crace Port. 1.35
=856  41$3Copy at Maps Crace Port. 1.35$uhttp://www.bl.uk/onlinegallery/onlineex/crace/a/007000000000001u00035000.html$yDigitised map
=985  \\$aUpgraded from BL georeferencer data 2022-11-17.
=985  \\$aRecord amended for WR# 13/070
=985  \\$aRecord amended for WR1606-1727
=CAT  \\$a12842$b40$c20120508$lBLL01$h1601
=CAT  \\$a12842$b40$c20120525$lBLL01$h1133
=CAT  \\$aWR13_070$b00$c20130504$lBLL01$h0338
=CAT  \\$aWR13.117$c20130718$lBLL01$h1854
=CAT  \\$a12842$b40$c20130905$lBLL01$h1606
=CAT  \\$a12842$b40$c20130905$lBLL01$h1620
=CAT  \\$aW1606-1727$c20160825$lBLL01$h1742
=CAT  \\$a14185$b40$c20221201$lBLL01$h1154
=CAT  \\$a14185$b40$c20221202$lBLL01$h1325
=FIN  \\$aY$d20120508
=FMT  \\$a  MP
=LAS  \\$a14185$b40$c20221202$lBLL01$h1325

