=LDR  02124 fm a2200493 a 4500
=001  016083078
=003  Uk
=005  20130905162026.0
=007  aj\canzn
=008  120508q1850\\\\xx\||||||\a\\\\\0\\\eng|\
=034  0\$aa
=040  \\$aUk$beng$cUk$dUk
=042  \\$aukblsr
=082  04$a912.421$223
=245  03$a[A tracing of the Newcourt's map of London from the original in the Royal Library at Paris].
=255  \\$aScale not given.
=260  \\$c[ca. 1850]
=300  \\$a1 map :$bhand col. ;$c182 x 85 cm
=336  \\$acartographic image$2rdacontent
=337  \\$aunmediated$2rdamedia
=338  \\$asheet$2rdacarrier
=500  \\$aPen and ink with wash on tracing paper.
=500  \\$aTracing of map of London drawn by Richard Newcourt and engraved by William Faithorne published in 1658.
=500  \\$aIncludes two outline drawings of S. Peters Westminster (Westminster Abbey), top left and St. Paul's Cathedral, top right.
=510  4\$aCrace, John Gregory, A catalogue of maps, plans and views of London, Westminster and Southwark collected and arranged by Frederick Crace (1878),$bno. 36, p. 6
=510  4\$aHowgego, James. Printed maps of London,$bcirca 1553 - 1850,$cp. 14
=651  \0$aLondon (England)$vMaps.
=700  1\$aCrace, Frederick,$d1779-1859,$eformer owner.
=700  1\$aCrace, John Gregory,$d1809-1889,$edonor.
=700  1\$aNewcourt, Richard,$d-1679.
=852  41$aBritish Library$bMAPS$jMaps Crace Port. 1.36
=856  41$3Copy at Maps Crace Port. 1.36$uhttp://www.bl.uk/onlinegallery/onlineex/crace/other/007000000000001u00036000.html$yDigitised map
=985  \\$aRecord amended for WR# 13/070
=985  \\$aRecord amended for WR1606-1727
=CAT  \\$a12842$b40$c20120508$lBLL01$h1710
=CAT  \\$a12842$b40$c20120515$lBLL01$h1725
=CAT  \\$aWR13_070$b00$c20130504$lBLL01$h0338
=CAT  \\$aWR13.117$c20130718$lBLL01$h1854
=CAT  \\$a12842$b40$c20130905$lBLL01$h1612
=CAT  \\$a12842$b40$c20130905$lBLL01$h1620
=CAT  \\$aW1606-1727$c20160825$lBLL01$h1742
=FIN  \\$aY$d20120508
=FMT  \\$a  MP
=LAS  \\$aW1606-1727$b00$c20160825$lBLL01$h1742

