=LDR  03022cem a2200541 a 4500
=001  016083784
=003  Uk
=005  20230223161610.0
=007  aj\aanzn
=008  120509s1738\\\\enk||||||\a\\\\\0\\\eng|\
=034  1\$aa$dW0015049$eW0015709$fN0513150$gN0512853$2bound
=040  \\$aUk$beng$cUk$dUk
=042  \\$aukblsr
=082  04$a912.421$223
=100  1\$aVertue, George,$d1684-1756,$eengraver.
=245  12$aA plan of the city and suburbs of London as fortified by Order of Parliament in the years 1642 and 1643 /$cG. Vertue sc. 1738.
=255  \\$aScale not determined$c(W 1°50'49"--W 1°57'09"/N 51°31'50"--N 51°28'53").
=260  \\$a[London],$c1738.
=300  \\$a1 map ;$c12 x 30 cm
=336  \\$acartographic image$2rdacontent
=337  \\$aunmediated$2rdamedia
=338  \\$asheet$2rdacarrier
=500  \\$aThis is a retrospective plan of London showing the defences for the civil war, established after an Act of Parliament in 1642. These built to protect the city from attacks by Charles I and his 15,000 Royalist troops. Here all 23 forts are shown, linked by eighteen miles of ramparts. The Royalists did not attempt to enter London as the King made a tactical withdrawal. Fort 6 was the first to be built, with a commanding prospect of Finsbury Fields.
=500  \\$aOriginally prepared by George Vertue in 1738 and later published with Maitland's History of London in 1756.
=500  \\$aIncludes 'An Explanation of the several Forts on the Line of Communication', which details all 23 forts on the London wall.
=510  4\$aCrace, John Gregory, A catalogue of maps, plans and views of London, Westminster and Southwark collected and arranged by Frederick Crace (1878),$bno. 39, p. 7
=510  4\$aWorms, Laurence, Baynton-Williams, Ashley. British Map Engravers. A dictionary of engravers, lithographers and their principal employers,$bto 1850,$cpp. 686-687
=651  \0$aLondon (England)$vMaps$vEarly works to 1800.
=655  \7$aEarly maps.$2fast$0(OCoLC)fst01752681
=700  1\$aCrace, Frederick,$d1779-1859,$eformer owner.
=700  1\$aCrace, John Gregory,$d1809-1889,$edonor.
=852  41$aBritish Library$bMAPS$jMaps Crace Port. 1.39
=856  41$3Copy at Maps Crace Port. 1.39$uhttp://www.bl.uk/onlinegallery/onlineex/crace/a/007000000000001u00039000.html$yDigitised map
=985  \\$aUpgraded from georeferencer data 2022-12-16.
=985  \\$aRecord amended for WR1606-1727
=985  \\$aUpdated by MS generated file for WR2302-017
=CAT  \\$a12842$b40$c20120509$lBLL01$h1639
=CAT  \\$a12842$b40$c20120509$lBLL01$h1642
=CAT  \\$a12842$b40$c20130118$lBLL01$h1220
=CAT  \\$aWR13.117$c20130718$lBLL01$h1854
=CAT  \\$a12842$b40$c20130905$lBLL01$h1657
=CAT  \\$aW1606-1727$c20160825$lBLL01$h1743
=CAT  \\$a14185$b40$c20221218$lBLL01$h1917
=CAT  \\$a14185$b40$c20221219$lBLL01$h0907
=CAT  \\$aW2302-0174$c20230223$lBLL01$h1958
=FIN  \\$aY$d20120509
=FMT  \\$a  MP
=LAS  \\$aW2302-0174$b00$c20230223$lBLL01$h1958

