=LDR  03100cem a2200613 a 4500
=001  016083967
=003  Uk
=005  20230223161610.0
=007  aj\aanzn
=008  120510s1796\\\\enk||||||\a\\\\\0\\\eng|\
=034  1\$aa$dW0015107$eW0015754$fN0513147$gN0512912$2bound
=040  \\$aUk$beng$cUk$dUk
=042  \\$aukblsr
=082  04$a912.421$223
=100  1\$aNeele, Samuel John,$d1758-1824.
=245  10$aPlan of the city of London before the fire. Anno domini 1666 /$c[Neele sculp].
=255  \\$aScale not determined$c(W 1°51'07"--W 1°57'54"/N 51°31'47"--N 51°29'12").
=260  \\$a[London :$bpublished by J. Stockdale Piccadilly,$c1796]
=300  \\$a1 map ;$c14 x 24 cm
=336  \\$acartographic image$2rdacontent
=337  \\$aunmediated$2rdamedia
=338  \\$asheet$2rdacarrier
=500  \\$aThis is a retrospective plan of the City of London before the great fire of 1666. Place names are indicated by an alphanumeric key.
=500  \\$aOriginally published in H. Hunter's The History of London and its Environs, 1796-1811.
=500  \\$aImprint taken from British map engravers: a dictionary of engravers, lithographers and their principal employers, L. Worms, A. Baynton-Williams.
=500  \\$aDerivative of R. Bloome's map of London, ca. 1666.
=500  \\$aIncludes index to major streets and buildings.
=510  4\$aCrace, John Gregory, A catalogue of maps, plans and views of London, Westminster and Southwark collected and arranged by Frederick Crace (1878),$bno. 40, p. 7
=510  4\$aHowgego, James. Printed maps of London,$bcirca 1553 - 1850,$cno. 15 (a), p. 52
=510  4\$aWorms, Laurence, Baynton-Williams, Ashley. British map engravers: a dictionary of engravers, lithographers and their principal employers,$bto 1850,$cpp. 482-485
=510  4\$aAdams, Bernard. London illustrated,$b1604-1851,$cno. 107 (5), pp. 247-249
=651  \0$aLondon (England)$vMaps$vEarly works to 1800.
=655  \7$aEarly maps.$2fast$0(OCoLC)fst01752681
=700  1\$aCrace, Frederick,$d1779-1859,$eformer owner.
=700  1\$aCrace, John Gregory,$d1809-1889,$edonor.
=852  41$aBritish Library$bMAPS$jMaps Crace Port. 1.40
=856  41$3Copy at Maps Crace Port. 1.40$uhttp://www.bl.uk/onlinegallery/onlineex/crace/p/007000000000001u00040000.html$yDigitised map
=985  \\$aUpgraded from georeferencer data 2022-12-16.
=985  \\$aRecord amended for WR1606-1727
=985  \\$aUpdated by MS generated file for WR2302-017
=CAT  \\$a12842$b40$c20120510$lBLL01$h1142
=CAT  \\$a12842$b40$c20120510$lBLL01$h1144
=CAT  \\$a12842$b40$c20120704$lBLL01$h1344
=CAT  \\$a12842$b40$c20120704$lBLL01$h1349
=CAT  \\$a12842$b40$c20120716$lBLL01$h1557
=CAT  \\$aWR13.117$c20130718$lBLL01$h1854
=CAT  \\$a12842$b40$c20130905$lBLL01$h1658
=CAT  \\$aW1606-1727$c20160825$lBLL01$h1742
=CAT  \\$a14185$b40$c20221218$lBLL01$h1917
=CAT  \\$a14185$b40$c20221219$lBLL01$h0907
=CAT  \\$aW2302-0174$c20230223$lBLL01$h1959
=FIN  \\$aY$d20120510
=FMT  \\$a  MP
=LAS  \\$aW2302-0174$b00$c20230223$lBLL01$h1959

