=LDR  01705 em a2200433 a 4500
=001  016084592
=003  Uk
=005  20130905170104.0
=007  aj\aanzn
=008  120511q1827\\\\enk||||||\a\\\\\0\\\eng|\
=034  0\$aa
=040  \\$aUk$beng$cUk$dUk
=042  \\$aukblsr
=082  04$a912.421$223
=100  10$aAllen, Thomas,$d1803-1833.
=245  10$aPlan of canutes trench /$cT. Allen delt. et sculpt.
=255  \\$aScale not given.
=260  \\$a[London] :$bpublished by J. Allen, Kennington,$c[ca. 1827]
=300  \\$a1 map ;$c8 x 15 cm
=336  \\$acartographic image$2rdacontent
=337  \\$aunmediated$2rdamedia
=338  \\$asheet$2rdacarrier
=500  \\$aNote engraved immediately above the map: For the History of Lambeth.
=510  4\$aCrace, John Gregory, A catalogue of maps, plans and views of London, Westminster and Southwark collected and arranged by Frederick Crace (1878),$bno. 41, p. 7
=651  \0$aLondon (England)$vMaps.
=700  1\$aCrace, Frederick,$d1779-1859,$eformer owner.
=700  1\$aCrace, John Gregory,$d1809-1889,$edonor.
=852  41$aBritish Library$bMAPS$jMaps Crace Port. 1.41
=856  41$3Copy at Maps Crace Port. 1.41$uhttp://www.bl.uk/onlinegallery/onlineex/crace/p/007000000000001u00041000.html$yDigitised map
=985  \\$aRecord amended for WR1606-1727
=CAT  \\$a12842$b40$c20120511$lBLL01$h1438
=CAT  \\$a12842$b40$c20120511$lBLL01$h1543
=CAT  \\$aWR13.117$c20130718$lBLL01$h1854
=CAT  \\$a12842$b40$c20130905$lBLL01$h1701
=CAT  \\$aW1606-1727$c20160825$lBLL01$h1742
=CAT  \\$aBATCH-UPD$b00$c20160825$lBLL01$h1743
=FIN  \\$aY$d20120511
=FMT  \\$a  MP
=LAS  \\$aBATCH-UPD$b00$c20160825$lBLL01$h1743

