=LDR  01861 em a2200445 a 4500
=001  016084952
=003  Uk
=005  20130905170406.0
=007  aj\aanzn
=008  120514q1661\\\\ne\||||||\a\\\\\0\\\lat|\
=034  0\$aa
=040  \\$aUk$beng$cUk$dUk
=042  \\$aukblsr
=082  04$a912.421$223
=100  1\$aHermannides, Rutgerus.
=245  10$aLondinum London.
=255  \\$aScale not given.
=260  \\$a[Amstelodami :$bSumptibus AEgidii Jansonii Valckenier,$c1661]
=300  \\$a1 map ;$c27 x 13 cm
=336  \\$acartographic image$2rdacontent
=337  \\$aunmediated$2rdamedia
=338  \\$asheet$2rdacarrier
=500  \\$aPublished in R. Hermannidae's Britannia Magna, sive Angliae, Scotiae, Hiberniae & adjacentium Insularum, geographico-historica descriptio, 1661.
=500  \\$aImprint taken from the title page of R. Hermannidae's work.
=510  4\$aCrace, John Gregory, A catalogue of maps, plans and views of London, Westminster and Southwark collected and arranged by Frederick Crace (1878),$bno. 42, p. 7
=510  4\$aHowgego, James. Printed maps of London,$bcirca 1553 - 1850,$cno. 13, p. 51
=651  \0$aLondon (England)$vMaps$vEarly works to 1800.
=655  \0$aEarly maps.
=700  1\$aCrace, Frederick,$d1779-1859,$eformer owner.
=700  1\$aCrace, John Gregory,$d1809-1889,$edonor.
=852  41$aBritish Library$bMAPS$jMaps Crace Port. 1.42
=856  41$3Copy at Maps Crace Port. 1.42$uhttp://www.bl.uk/onlinegallery/onlineex/crace/l/007000000000001u00042000.html$yDigitised map
=985  \\$aRecord amended for WR1606-1727
=CAT  \\$a12842$b40$c20120514$lBLL01$h1201
=CAT  \\$aWR13.117$c20130718$lBLL01$h1854
=CAT  \\$a12842$b40$c20130905$lBLL01$h1704
=CAT  \\$aW1606-1727$c20160825$lBLL01$h1743
=FIN  \\$aY$d20120514
=FMT  \\$a  MP
=LAS  \\$aW1606-1727$b00$c20160825$lBLL01$h1743

