=LDR  02666cem a2200565 a 4500
=001  016084987
=003  Uk
=005  20230223161610.0
=007  aj\aanzn
=008  120514q1690\\\\gw\||||||\a\\\\\0\\\lat|\
=034  1\$aa$dW0015006$eW0015906$fN0513241$gN0512859$2bound
=040  \\$aUk$beng$cUk$dUk
=042  \\$aukblsr
=082  04$a912.421$223
=100  1\$aBeer, Johann Christoph,$d1673-1753.
=245  10$aLondinum London.
=255  \\$aScale not determined$c(W 1°50'06"--W 1°59'06"/N 51°32'41"--N 51°28'59").
=260  \\$a[Nürnberg :$bin Verlegung Joh. Andreae Endters seel. Söhne,$c1690]
=300  \\$a1 map ;$c16 x 26 cm
=336  \\$acartographic image$2rdacontent
=337  \\$aunmediated$2rdamedia
=338  \\$asheet$2rdacarrier
=500  \\$aPublished in J. Ch. Beer's Das neu-geharnischte Gross-Britannien ..., 1690. Imprint taken from the title page.
=500  \\$aBased entirely on R. Hermannidae's map of London published in Britannia Magna, sive Angliae, Scotiae, Hiberniae & adjacentium Insularum, geographico-historica descriptio, ca. 1661.
=500  \\$aCoat of arms of the City of London with palm and laurel top left of map.
=500  \\$aBuildings shown pictorially.
=510  4\$aCrace, John Gregory, A catalogue of maps, plans and views of London, Westminster and Southwark collected and arranged by Frederick Crace (1878),$bno. 43, p. 7
=510  4\$aHowgego, James. Printed maps of London,$bcirca 1553 - 1850,$cno. 38, p. 66
=510  4\$aFrench, Josephine, Tooley's dictionary of mapmakers A-D (1999),$bp. 68
=651  \0$aLondon (England)$vMaps$vEarly works to 1800.
=655  \7$aEarly maps.$2fast$0(OCoLC)fst01752681
=700  1\$aCrace, Frederick,$d1779-1859,$eformer owner.
=700  1\$aCrace, John Gregory,$d1809-1889,$edonor.
=852  41$aBritish Library$bMAPS$jMaps Crace Port. 1.43
=856  41$3Copy at Maps Crace Port. 1.43$uhttp://www.bl.uk/onlinegallery/onlineex/crace/l/007000000000001u00043000.html$yDigitised map
=985  \\$aUpgraded from georeferencer data 2022-12-16.
=985  \\$a100 NEW
=985  \\$aRecord amended for WR1606-1727
=985  \\$aUpdated by MS generated file for WR2302-017
=CAT  \\$a12842$b40$c20120514$lBLL01$h1242
=CAT  \\$a12842$b40$c20120516$lBLL01$h1329
=CAT  \\$aWR13.117$c20130718$lBLL01$h1854
=CAT  \\$a12842$b40$c20130905$lBLL01$h1706
=CAT  \\$aW1606-1727$c20160825$lBLL01$h1743
=CAT  \\$a14185$b40$c20221218$lBLL01$h1917
=CAT  \\$a14185$b40$c20221219$lBLL01$h0849
=CAT  \\$aW2302-0174$c20230223$lBLL01$h1959
=FIN  \\$aY$d20120514
=FMT  \\$a  MP
=LAS  \\$aW2302-0174$b00$c20230223$lBLL01$h1959

