=LDR  03102cem a2200577 a 4500
=001  016085051
=003  Uk
=005  20230223161610.0
=007  aj\aanzn
=008  120514q1673\\\\enk||||||\a\\\\\0\\\eng|\
=034  1\$aa$dW0015043$eW0015812$fN0513229$gN0512851$2bound
=040  \\$aUk$beng$cUk$dUk
=042  \\$aukblsr
=082  04$a912.421$223
=100  1\$aBlome, Richard,$d1641-1705.
=245  10$aLondon /$cby Ric. Blome ; W. Hollar fecit.
=255  \\$aScale not determined$c(W 1°50'43"--W 1°58'12"/N 51°32'29"--N 51°28'51").
=260  \\$a[London :$bTho. Roycroft for R. Blome,$c1673]
=300  \\$a1 map ;$c14 x 25 cm
=336  \\$acartographic image$2rdacontent
=337  \\$aunmediated$2rdamedia
=338  \\$asheet$2rdacarrier
=500  \\$aThis map is surveyed by Richard Blome, a heraldic writer and cartographer. Although prolific, he was something of a magpie, borrowing from many sources in the creation of his maps. Engraved by Hollar, this map is dedicated to Sir Robert Vyner, whose coat of arms is depicted at the bottom. The arms of the 12 Great City companies are drawn in the side margins. These companies were the trade guilds of London, many of which have existed from the middle ages to the present day.
=500  \\$aContains dedication from the author to Sir Robert Vyner (1631-1688), alderman, knight and baronet with his coat of arms bottom centre of plate.
=500  \\$a2nd ed.; from R. Blome's Britannia, 1673.
=500  \\$aImprint taken from R. Blome's Britannia.
=500  \\$aMargins decorated with the arms of the city livery companies.
=500  \\$aIncludes index to major streets and buildings.
=510  4\$aCrace, John Gregory, A catalogue of maps, plans and views of London, Westminster and Southwark collected and arranged by Frederick Crace (1878),$bno. 45, p. 7
=510  4\$aHowgego, James. Printed maps of London,$bcirca 1553 - 1850,$cno. 15 (2), p. 52
=510  4\$aFrench, Josephine, Tooley's dictionary of mapmakers A-D (1999),$bp. 151
=651  \0$aLondon (England)$vMaps$vEarly works to 1800.
=655  \7$aEarly maps.$2fast$0(OCoLC)fst01752681
=700  1\$aCrace, Frederick,$d1779-1859,$eformer owner.
=700  1\$aCrace, John Gregory,$d1809-1889,$edonor.
=700  1\$aHollar, Wenceslaus,$d1607-1677,$eengraver.
=852  41$aBritish Library$bMAPS$jMaps Crace Port. 1.45
=856  41$3Copy at Maps Crace Port. 1.45$uhttp://www.bl.uk/onlinegallery/onlineex/crace/l/007000000000001u00045000.html$yDigitised map
=985  \\$aUpgraded from georeferencer data 2022-12-16.
=985  \\$aRecord amended for WR1606-1727
=985  \\$aUpdated by MS generated file for WR2302-017
=CAT  \\$a12842$b40$c20120514$lBLL01$h1357
=CAT  \\$aWR13.117$c20130718$lBLL01$h1854
=CAT  \\$a12842$b40$c20130905$lBLL01$h1708
=CAT  \\$aW1606-1727$c20160825$lBLL01$h1743
=CAT  \\$a14185$b40$c20221218$lBLL01$h1917
=CAT  \\$a14185$b40$c20221219$lBLL01$h0901
=CAT  \\$aW2302-0174$c20230223$lBLL01$h1959
=FIN  \\$aY$d20120514
=FMT  \\$a  MP
=LAS  \\$aW2302-0174$b00$c20230223$lBLL01$h1959

