=LDR  03193cem a2200589 a 4500
=001  016085545
=003  Uk
=005  20230223161610.0
=007  aj\aanzn
=008  120515q1673\\\\enk||||||\a\\\\\0\\\eng|\
=034  1\$aa$dW0015111$eW0015822$fN0513209$gN0512853$2bound
=040  \\$aUk$beng$cUk$dUk
=042  \\$aukblsr
=082  04$a912.421$223
=100  1\$aBlome, Richard,$d1641-1705.
=245  10$aLondon :$bbefore the fire in 1666 /$cW. Hollar fecit.
=246  11$aPlan de Londres tel quil Etoi avant L'incendie de 1666 gravé par Hollar
=255  \\$aScale not determined$c(W 1°51'11"--W 1°58'22"/N 51°32'09"--N 51°28'53").
=260  \\$a[London,$cafter 1673]
=300  \\$a1 map ;$c12 x 30 cm
=336  \\$acartographic image$2rdacontent
=337  \\$aunmediated$2rdamedia
=338  \\$asheet$2rdacarrier
=500  \\$aThis is a later edition of a 1666 map surveyed by Blome and engraved by Hollar. The title appears in French in a panel below the plan, with the key to streets and public buildings appearing in tables at top right, top left and bottom right. A compass star and scale bar are drawn at bottom right. Down both sides of the map are the coats of arms of the 12 Great City Companies (trade guilds), many of which have existed from the middle ages to the present day. Richard Blome was a heraldic writer and cartographer. His maps were often derivative, based on existing sources rather than original surveys.
=500  \\$a3rd ed.; from R. Blome's Britannia, 1673.
=500  \\$aImprint taken from R. Blome's Britannia.
=500  \\$aMargins decorated with the arms of the city livery companies.
=500  \\$aIncludes index to major streets and buildings.
=510  4\$aCrace, John Gregory, A catalogue of maps, plans and views of London, Westminster and Southwark collected and arranged by Frederick Crace (1878),$bno. 46, p. 8
=510  4\$aHowgego, James. Printed maps of London,$bcirca 1553 - 1850,$cno. 15 (4), p. 52
=510  4\$aFrench, Josephine, Tooley's dictionary of mapmakers A-D (1999),$bp. 151
=651  \0$aLondon (England)$vMaps$vEarly works to 1800.
=655  \7$aEarly maps.$2fast$0(OCoLC)fst01752681
=700  1\$aCrace, Frederick,$d1779-1859,$eformer owner.
=700  1\$aCrace, John Gregory,$d1809-1889,$edonor.
=700  1\$aHollar, Wenceslaus,$d1607-1677,$eengraver.
=852  41$aBritish Library$bMAPS$jMaps Crace Port. 1.46
=856  41$3Copy at Maps Crace Port. 1.46$uhttp://www.bl.uk/onlinegallery/onlineex/crace/p/007000000000001u00046000.html$yDigitised map
=985  \\$aUpgraded from georeferencer data 2022-12-16.
=985  \\$aRecord amended for WR1606-1727
=985  \\$aUpdated by MS generated file for WR2302-017
=CAT  \\$a12842$b40$c20120515$lBLL01$h1128
=CAT  \\$a12842$b40$c20120515$lBLL01$h1417
=CAT  \\$aWR13.117$c20130718$lBLL01$h1854
=CAT  \\$a12842$b40$c20130905$lBLL01$h1710
=CAT  \\$aW1606-1727$c20160825$lBLL01$h1743
=CAT  \\$a14185$b40$c20221218$lBLL01$h1917
=CAT  \\$a14185$b40$c20221219$lBLL01$h0921
=CAT  \\$aW2302-0174$c20230223$lBLL01$h1959
=FIN  \\$aY$d20120515
=FMT  \\$a  MP
=LAS  \\$aW2302-0174$b00$c20230223$lBLL01$h1959

