=LDR  02922cem a2200589 a 4500
=001  016085787
=003  Uk
=005  20230223161610.0
=007  aj\aanzn
=008  120515s1666\\\\ne\||||||\a\\\\\0\\\mul|\
=034  1\$aa$dW0015121$eW0015704$fN0513157$gN0512908$2bound
=040  \\$aUk$beng$cUk$dUk
=041  0\$adut$afre$aeng
=042  \\$aukblsr
=082  04$a912.421$223
=100  1\$aDoornik, Marcus Willemsz.
=245  10$aPlatte grondt der Verbrande stadt London /$cby Marcus Willemsz Doornick.
=255  \\$aScale not determined$c(W 1°51'21"--W 1°57'04"/N 51°31'57"--N 51°29'08").
=260  \\$aTot Amsterdam :$bby Marcus Willemsz Doornick,$c1666.
=300  \\$a1 map ;$c54 x 30 cm
=336  \\$acartographic image$2rdacontent
=337  \\$aunmediated$2rdamedia
=338  \\$asheet$2rdacarrier
=500  \\$aThis map was published in Amsterdam aftermath the great fire of 1666. The title in a banner at top right, flanked by City and Royal arms. The design for rebuilding the City is inset in a panel at top left, with an engraved view of the fire in a banner at bottom centre.
=500  \\$aAccompanied by text with description of the Great Fire in Dutch, French and English with a key to streets and buildings.
=500  \\$aIncludes 2 insets: top left the design for rebuilding the City and view of the Fire bottom centre of map.
=510  4\$aCrace, John Gregory, A catalogue of maps, plans and views of London, Westminster and Southwark collected and arranged by Frederick Crace (1878),$bno. 47, p. 8
=510  4\$aHowgego, James. Printed maps of London,$bcirca 1553 - 1850,$cno. 17 (2), p. 53
=510  4\$aFrench, Josephine, Tooley's dictionary of mapmakers A-D (1999),$bp. 381
=650  \0$aGreat Fire, London, England, 1666$vMaps.
=651  \0$aLondon (England)$vMaps$vEarly works to 1800.
=655  \7$aEarly maps.$2fast$0(OCoLC)fst01752681
=700  1\$aCrace, Frederick,$d1779-1859,$eformer owner.
=700  1\$aCrace, John Gregory,$d1809-1889,$edonor.
=852  41$aBritish Library$bMAPS$jMaps Crace Port. 1.47
=856  41$3Copy at Maps Crace Port. 1.47$uhttp://www.bl.uk/onlinegallery/onlineex/crace/p/007000000000001u00047000.html$yDigitised map
=985  \\$aUpgraded from georeferencer data 2022-12-16.
=985  \\$a100 NEW
=985  \\$aRecord amended for WR1606-1727
=985  \\$aUpdated by MS generated file for WR2302-017
=CAT  \\$a12842$b40$c20120515$lBLL01$h1336
=CAT  \\$a12842$b40$c20120601$lBLL01$h1646
=CAT  \\$aWR13.117$c20130718$lBLL01$h1854
=CAT  \\$a12842$b40$c20130905$lBLL01$h1712
=CAT  \\$a12842$b40$c20131011$lBLL01$h1811
=CAT  \\$aW1606-1727$c20160825$lBLL01$h1743
=CAT  \\$a14185$b40$c20221218$lBLL01$h1917
=CAT  \\$a14185$b40$c20221219$lBLL01$h0854
=CAT  \\$aW2302-0174$c20230223$lBLL01$h1959
=FIN  \\$aY$d20120515
=FMT  \\$a  MP
=LAS  \\$aW2302-0174$b00$c20230223$lBLL01$h1959

