=LDR  02148cfm a2200469 a 4500
=001  016088660
=003  Uk
=005  20221204185850.0
=007  aj\aanzn
=008  120518q1850\\\\xx\||||||\a\\\\\0\\\eng|\
=034  1\$aa$b5200$dW0015102$eW0015330$fN0513056$gN0512939$2bound
=040  \\$aUk$beng$cUk$dUk
=042  \\$aukblsr
=082  04$a912.421$223
=245  03$a[A copy of part of the Newcourt's map of London].
=255  \\$aScale approximately 1:5,200$c(W 1°51'02"--W 1°53'30"/N 51°30'56"--N 51°29'39").
=260  \\$c[ca. 1850]
=300  \\$a1 map ;$c46 x 61 cm
=336  \\$acartographic image$2rdacontent
=337  \\$aunmediated$2rdamedia
=338  \\$asheet$2rdacarrier
=500  \\$aPen and wash sketch map on paper.
=500  \\$aA copy of part map of London drawn by Richard Newcourt and engraved by William Faithorne published in 1658.
=500  \\$aNote above the scale: A scale of yards of 3 feet to ye yard.
=510  4\$aCrace, John Gregory, A catalogue of maps, plans and views of London, Westminster and Southwark collected and arranged by Frederick Crace (1878),$bno. 37, p. 7
=520  \\$aThis is a copy of part of the Faithorne map. It is an example of a bird's-eye (or 'plan") view. Crace often had copies made of maps if he was unable to procure an original.
=651  \0$aLondon (England)$vMaps.
=700  1\$aCrace, Frederick,$d1779-1859,$eformer owner.
=700  1\$aCrace, John Gregory,$d1809-1889,$edonor.
=852  41$aBritish Library$bMAPS$jMaps Crace Port. 1.37
=856  41$3Copy at Maps Crace Port. 1.37$uhttp://www.bl.uk/onlinegallery/onlineex/crace/other/007000000000001u00037000.html$yDigitised map
=985  \\$aUpgraded from BL georeferencer data 2022-11-17.
=985  \\$aRecord amended for WR1606-1727
=CAT  \\$a12842$b40$c20120518$lBLL01$h1108
=CAT  \\$aWR13.117$c20130718$lBLL01$h1854
=CAT  \\$a12842$b40$c20130905$lBLL01$h1626
=CAT  \\$aW1606-1727$c20160825$lBLL01$h1742
=CAT  \\$a14185$b40$c20221201$lBLL01$h1743
=CAT  \\$a14185$b40$c20221204$lBLL01$h1858
=FIN  \\$aY$d20120518
=FMT  \\$a  MP
=LAS  \\$a14185$b40$c20221204$lBLL01$h1858

