=LDR  03642cem a2200649 a 4500
=001  016088835
=003  Uk
=005  20230223161611.0
=007  aj\aanzn
=008  120518s1666\\\\ne\||||||\a\\\\\0\\\dut|\
=034  1\$aa$dW0015120$eW0015639$fN0513152$gN0512919$2bound
=040  \\$aUk$beng$cUk$dUk
=041  \\$adut$afre
=042  \\$aukblsr
=082  04$a912.421$223
=100  1\$aWit, Frederik de,$d1629 or 1630-1706.
=245  10$aPLATTE GRONDT DER STADT LONDON MET NIEUW MODEL EN HOE DIE AFGEBRANDT IS.
=255  \\$aScale not determined$c(W 1°51'20"--W 1°56'39"/N 51°31'52"--N 51°29'19").
=260  \\$aTot Amsterdam :$bGedruckt by Frederick de Wit inde Calverstraet by den Dam inde Witte Paskaert,$c[1666]
=300  \\$a1 map ;$c38 x 54 cm
=336  \\$acartographic image$2rdacontent
=337  \\$aunmediated$2rdamedia
=338  \\$asheet$2rdacarrier
=500  \\$aThis later edition of the Frederick de Wit's 1666 plan features minor alterations to the title and some additions on the outskirts of the city. The map's title appears along the top, with the key to parish churches (in scrolls) at top left and top right and dividers at top right. An engraving depicting the city on fire is inset at bottom right. Below the plan, a description of the fire is reported in Dutch and French. This edition of the map shows cherubs holding the reference tables and a waterman with oars leaning against the view of the city.
=500  \\$aThird edition with picture of crying man and figures with horses and carts at the bottom centre.
=500  \\$aChurches and prominent buillings numbered for reference with an index at upper left and right.
=500  \\$aDecorative cherubs hold up the reference panels and the City arms, upper left and right corners.
=500  \\$aIncludes inset view of London in flames 't BRANDENT LONDON at the bottom right.
=510  4\$aCrace, John Gregory, A catalogue of maps, plans and views of London, Westminster and Southwark collected and arranged by Frederick Crace (1878),$bno. 49, p. 8
=510  4\$aHowgego, James. Printed maps of London,$bcirca 1553 - 1850,$cno. 16 (3), pp. 52-53
=510  4\$aScott, Valerie, Tooley's dictionary of mapmakers Q-Z (2004),$bp. 402
=546  \\$aAccompanied by text in Dutch and French describing the Great Fire.
=650  \0$aGreat Fire, London, England, 1666$vMaps$vEarly works to 1800.
=651  \0$aLondon (England)$vMaps$vEarly works to 1800.
=655  \7$aEarly maps.$2fast$0(OCoLC)fst01752681
=700  1\$aCrace, Frederick,$d1779-1859,$eformer owner.
=700  1\$aCrace, John Gregory,$d1809-1889,$edonor.
=852  41$aBritish Library$bMAPS$jMaps Crace Port. 1.49
=856  41$3Copy at Maps Crace Port. 1.49$uhttp://www.bl.uk/onlinegallery/onlineex/crace/p/007000000000001u00049000.html$yDigitised map
=985  \\$aUpgraded from georeferencer data 2022-12-16.
=985  \\$a100 NEW
=985  \\$aRecord amended for WR1606-1727
=985  \\$aUpdated by MS generated file for WR2302-017
=CAT  \\$a12842$b40$c20120518$lBLL01$h1423
=CAT  \\$a12842$b40$c20120601$lBLL01$h1645
=CAT  \\$a12842$b40$c20130201$lBLL01$h1420
=CAT  \\$aWR13.117$c20130718$lBLL01$h1854
=CAT  \\$a12842$b40$c20130905$lBLL01$h1715
=CAT  \\$a12842$b40$c20130913$lBLL01$h1754
=CAT  \\$aW1606-1727$c20160825$lBLL01$h1743
=CAT  \\$a14185$b40$c20221218$lBLL01$h1916
=CAT  \\$a14185$b40$c20221219$lBLL01$h0903
=CAT  \\$aW2302-0174$c20230223$lBLL01$h1959
=CAT  \\$aBATCH-UPD$b00$c20231003$lBLL01$h2232
=FIN  \\$aY$d20120518
=FMT  \\$a  MP
=LAS  \\$aBATCH-UPD$b00$c20231003$lBLL01$h2232

