=LDR  04021cem a2200577 a 4500
=001  016093498
=003  Uk
=005  20230223161612.0
=007  aj\aanzn
=008  120528q1667\\\\enk||||||\a\\\\\0\\\eng|\
=034  1\$aa$dW0015255$eW0015548$fN0513127$gN0513012$2bound
=040  \\$aUk$beng$cUk$dUk
=042  \\$aukblsr
=082  04$a912.421$223
=100  1\$aPricke, Robert,$eengraver.
=245  13$aAn exact map representing the condition of the late famous and flourishing city of London :$bas it lyeth in its ruins whearin you may see what churches, halls and places of note with a multitude of houses yt weare burnt and ruinated in four dayes time by that dreadfull & lamentable fire which begun in Pudding Lane the 2d of September 1666 /$cR.P. fecit et excudit.
=255  \\$aScale not given$c(W 1°52'55"--W 1°55'48"/N 51°31'27"--N 51°30'12").
=260  \\$a[London :$bare to be sould by Robert Pricke in Whitecrosse Street neare Cripplegate Church,$c1667]
=300  \\$a2 maps on 1 sheet ;$c30 x 51 cm or smaller
=336  \\$acartographic image$2rdacontent
=337  \\$aunmediated$2rdamedia
=338  \\$asheet$2rdacarrier
=500  \\$aCoat of arms of the City of London top left; compass rose top right of plate.
=500  \\$aIncludes inset: A map of the whole city of London and Westminster with the surburbs, whearein may be judged what proportion is burnt and what remains standing.
=500  \\$aContains a list of churches with references bottom left, and index to the halls belonging to the livery companies bottom right of plate.
=510  4\$aCrace, John Gregory, A catalogue of maps, plans and views of London, Westminster and Southwark collected and arranged by Frederick Crace (1878),$bno. 52, pp. 9-10
=510  4\$aHowgego, James. Printed maps of London,$bcirca 1553 - 1850,$cnos. 22 and 23, pp. 56-57
=510  4\$aWorms, Laurence, Baynton-Williams, Ashley. British Map Engravers. A dictionary of engravers, lithographers and their principal employers,$bto 1850,$cp. 537
=520  \\$aEngraved map of London and suburbs (including Lincoln Inn Fields, Finsbury Fields, Smith Fields and Bankside in Southwark) in which barren city wards contrast with birds eye views of surviving buildings outside the city, showing at a glance the extent of the damage to the city caused by the great fire of 1666. The map features title along the top, with arms of the city and compass rose depicted at top left and right respectively. Also by Pricke is the inset map in the panel at the foot of the plate. Entitled 'A map of the Whole City of London and Westminster with the Suburbs, Whearein May Be Judged What Proportion is Burnt and What Remains Standing', this smaller scale map (two inches to the mile) is flanked by reference tables with key to churches and halls of the London Livery companies.
=650  \0$aGreat Fire, London, England, 1666$vMaps.
=651  \0$aLondon (England)$vMaps$vEarly works to 1800.
=655  \7$aEarly maps.$2fast$0(OCoLC)fst01752681
=700  1\$aCrace, Frederick,$d1779-1859,$eformer owner.
=700  1\$aCrace, John Gregory,$d1809-1889,$edonor.
=852  41$aBritish Library$bMAPS$jMaps Crace Port. 2.52
=856  41$3Copy at Maps Crace Port. 2.52$uhttp://www.bl.uk/onlinegallery/onlineex/crace/a/007000000000002u00052000.html$yDigitised map
=985  \\$aUpgraded from BL georeferencer data 2022-11-17.
=985  \\$aRecord amended for WR1606-1727
=985  \\$aUpdated by MS generated file for WR2302-017
=CAT  \\$a12842$b40$c20120528$lBLL01$h1626
=CAT  \\$a12842$b40$c20120529$lBLL01$h1112
=CAT  \\$a12842$b40$c20120612$lBLL01$h1219
=CAT  \\$aWR13.117$c20130718$lBLL01$h1854
=CAT  \\$a12842$b40$c20130905$lBLL01$h1722
=CAT  \\$aW1606-1727$c20160825$lBLL01$h1743
=CAT  \\$a14185$b40$c20221201$lBLL01$h1202
=CAT  \\$a14185$b40$c20221202$lBLL01$h1327
=CAT  \\$aW2302-0174$c20230223$lBLL01$h1959
=FIN  \\$aY$d20120528
=FMT  \\$a  MP
=LAS  \\$aW2302-0174$b00$c20230223$lBLL01$h1959

