=LDR  03752cem a2200553 a 4500
=001  016093520
=003  Uk
=005  20230223161612.0
=007  aj\aanzn
=008  120528s1666\\\\enk||||||\a\\\\\0\\\eng|\
=034  1\$aa$b9400$dW0015302$eW0015545$fN0513128$gN0513012$2bound
=040  \\$aUk$beng$cUk$dUk
=042  \\$aukblsr
=082  04$a912.421$223
=100  1\$aHollar, Wenceslaus,$d1607-1677.
=245  12$aA map or groundplott of the citty of London :$bwith the surburbes therof so farr as the Lord Mayors iurisdiction doeth extend by which is exactly demonstrated the present condition of it, since the last sad accident of fire, the blanke space signifijing [sic] the burnt part, & where the houses be those places yet standing. Ao 1666 /$cW. Hollar fecit, 1666.
=255  \\$aScale approximately 1:9,400$c(W 1°53'02"--W 1°55'45"/N 51°31'28"--N 51°30'12").
=260  \\$a[London],$c1666.
=300  \\$a1 map ;$c21 x 34 cm
=336  \\$acartographic image$2rdacontent
=337  \\$aunmediated$2rdamedia
=338  \\$asheet$2rdacarrier
=500  \\$aVery similar to 'A map or groundplot of the citty of London and the suburbes thereof that is to say all which is within the iurisdiction of the Lord Mayor or properlie calld't London ...' by Wenceslaus Hollar, but is from a different plate.
=500  \\$aIncludes index to churches at the bottom left, and key to major buildings, upper right of plate.
=500  \\$aCompass rose at the bottom right of plate.
=510  4\$aCrace, John Gregory, A catalogue of maps, plans and views of London, Westminster and Southwark collected and arranged by Frederick Crace (1878),$bno. 53, p. 10
=510  4\$aHowgego, James. Printed maps of London,$bcirca 1553 - 1850,$cno. 20, p. 55
=520  \\$aEngraved map of London with title along the top, reference table with key to the city's landmarks and churches at top right and bottom left respectively and with compass star and scale bar at bottom right. The map shows the extent of the damage to the city caused by the great fire of 1666; the barren city wards contrasting with birds eye views of surviving buildings just outside the city. This small map was probably the basis for the many variations on the theme of the 'London Verbrandt' which were published in Amsterdam by Venckel and De Wit in the aftermath of the fire. The fire broke out at a bakers shop on Pudding Lane near London Bridge on the 2nd of September 1666. The fire destroyed nearly the whole city 13,000 buildings circa and though the casualties were few only eight people died because of the fire thousands were made homeless.
=650  \0$aGreat Fire, London, England, 1666$vMaps.
=651  \0$aLondon (England)$vMaps$vEarly works to 1800.
=655  \7$aEarly maps.$2fast$0(OCoLC)fst01752681
=700  1\$aCrace, Frederick,$d1779-1859,$eformer owner.
=700  1\$aCrace, John Gregory,$d1809-1889,$edonor.
=852  41$aBritish Library$bMAPS$jMaps Crace Port. 2.53
=856  41$3Copy at Maps Crace Port. 2.53$uhttp://www.bl.uk/onlinegallery/onlineex/crace/a/007000000000002u00053000.html$yDigitised map
=985  \\$aUpgraded from BL georeferencer data 2022-11-17.
=985  \\$aRecord amended for WR1606-1727
=985  \\$aUpdated by MS generated file for WR2302-017
=CAT  \\$a12842$b40$c20120528$lBLL01$h1926
=CAT  \\$a12842$b40$c20120612$lBLL01$h1224
=CAT  \\$aWR13.117$c20130718$lBLL01$h1854
=CAT  \\$a12842$b40$c20130905$lBLL01$h1725
=CAT  \\$aW1606-1727$c20160825$lBLL01$h1743
=CAT  \\$a14185$b40$c20221201$lBLL01$h1202
=CAT  \\$a14185$b40$c20221202$lBLL01$h1327
=CAT  \\$aW2302-0174$c20230223$lBLL01$h1959
=FIN  \\$aY$d20120528
=FMT  \\$a  MP
=LAS  \\$aW2302-0174$b00$c20230223$lBLL01$h1959

