=LDR  04239cem a2200589 a 4500
=001  016093521
=003  Uk
=005  20230223161612.0
=007  aj\aanzn
=008  120528s1666\\\\enk||||||\a\\\\\0\\\eng|\
=034  1\$aa$dW0015303$eW0015541$fN0513128$gN0513011$2bound
=040  \\$aUk$beng$cUk$dUk
=042  \\$aukblsr
=082  04$a912.421$223
=100  1\$aHollar, Wenceslaus,$d1607-1677,$eengraver.
=245  12$aA map or groundplot of the citty of London and the suburbes thereof that is to say all which is within the iurisdiction of the Lord Mayor or properlie calld't Londō:$bby which is exactly demonstrated the present condition thereof since the last sad accident of fire. The blanke space signifeing the burnt part & where the houses are exprest, those places yet standig /$cW. Hollar fecit, 1666.
=255  \\$aScale not determined$c(W 1°53'03"--W 1°55'41"/N 51°31'28"--N 51°30'11").
=260  \\$a[London] :$bsould by Iohn Overton at the White horse, in little Brittaine, next doore to little S. Bartholomew gate,$c1666.
=300  \\$a1 map ;$c21 x 35 cm
=336  \\$acartographic image$2rdacontent
=337  \\$aunmediated$2rdamedia
=338  \\$asheet$2rdacarrier
=500  \\$aEngraved map of London with title in square tablet at top right and reference table with key to churches and other landmarks at bottom right. The map clearly shows the extent of the damage to the city caused by the great fire of 1666: the barren city wards in contrast with bird's eye views of surviving buildings just outside the city. Also by Hollar is the inset map at bottom left entitled A General Map of the Whole Citty of London, Westminster and all the Suburbs. Smaller in scale but more extensive in coverage, the inset map shows at a glance the extent of the damage caused by the fire. This small map was probably the basis for the many variations on the theme of the London Verbrandt which were published in Amsterdam by Venckel and De Wit in the aftermath of the fire. The fire destroyed nearly the whole city 13,000 buildings circa and though the casualties were few 8 people only died directly because of the fire thousands were made homeless.
=500  \\$aThis map is similar to map of London from ca. 1666 by R. Blome, engraved by W. Hollar, but with a few additions and with streets but no buildings shown in the Fire area.
=500  \\$aInset: A general map of the whole citty of London with Westminster & all the suburbs by which may bee computed the proportion of that which is burnt with the other parts standing.
=500  \\$aIncludes index to churches and major buildings, bottom right of plate.
=510  4\$aCrace, John Gregory, A catalogue of maps, plans and views of London, Westminster and Southwark collected and arranged by Frederick Crace (1878),$bno. 54, p. 10
=510  4\$aHowgego, James. Printed maps of London,$bcirca 1553 - 1850,$cnos. 18 and 19 (1), pp. 53-55
=510  4\$aScott, Valerie. Tooley's dictionary of mapmakers K-P (2003),$bpp. 363-365
=650  \0$aGreat Fire, London, England, 1666$vMaps.
=651  \0$aLondon (England)$vMaps$vEarly works to 1800.
=655  \7$aEarly maps.$2fast$0(OCoLC)fst01752681
=700  1\$aCrace, Frederick,$d1779-1859,$eformer owner.
=700  1\$aCrace, John Gregory,$d1809-1889,$edonor.
=700  1\$aOverton, John,$d1640-1708?.
=852  41$aBritish Library$bMAPS$jMaps Crace Port. 2.54
=856  41$3Copy at Maps Crace Port. 2.54$uhttp://www.bl.uk/onlinegallery/onlineex/crace/a/007000000000002u00054000.html$yDigitised map
=985  \\$aUpgraded from georeferencer data 2022-12-16.
=985  \\$aRecord amended for WR1606-1727
=985  \\$aUpdated by MS generated file for WR2302-017
=CAT  \\$a12842$b40$c20120528$lBLL01$h2017
=CAT  \\$aWR13.117$c20130718$lBLL01$h1854
=CAT  \\$a12842$b40$c20130905$lBLL01$h1728
=CAT  \\$aW1606-1727$c20160825$lBLL01$h1743
=CAT  \\$aBATCH-UPD$b00$c20160825$lBLL01$h1746
=CAT  \\$a12842$b40$c20200901$lBLL01$h1419
=CAT  \\$a14185$b40$c20221218$lBLL01$h1916
=CAT  \\$a14185$b40$c20221219$lBLL01$h0944
=CAT  \\$aW2302-0174$c20230223$lBLL01$h1959
=FIN  \\$aY$d20120528
=FMT  \\$a  MP
=LAS  \\$aW2302-0174$b00$c20230223$lBLL01$h1959

