=LDR  02722cem a2200529 a 4500
=001  016093847
=003  Uk
=005  20230223161612.0
=007  aj\aanzn
=008  120529s1675\\\\enk||||||\a\\\\\0\\\eng|\
=034  1\$aa$b13400$dW0015100$eW0015757$fN0513147$gN0512924$2bound
=040  \\$aUk$beng$cUk$dUk
=042  \\$aukblsr
=082  04$a912.421$223
=100  1\$aHollar, Wenceslaus,$d1607-1677,$eengraver.
=245  12$aA new map of the citties of London Westminster & ye borough of Southwarke, with their suburbs :$bshewing ye streets, lanes, allies, courts etc. with othe [sic] remarks, as they are now, trully & carefully delineated /$cW. Hollar fecit. 1675.
=255  \\$aScale approximately 1:13,400$c(W 1°51'00"--W 1°57'57"/N 51°31'47"--N 51°29'24").
=260  \\$aLondon :$bsold by Robert Green at ye Rose and Crown in Budg. Row. And by Robert Morden, at ye Atlas in Cornhill,$c1675.
=300  \\$a1 map ;$c33 x 59 cm
=336  \\$acartographic image$2rdacontent
=337  \\$aunmediated$2rdamedia
=338  \\$asheet$2rdacarrier
=500  \\$aInset: Prospect of London as it was flourishing before the destruction by fire, upper portion of plate.
=500  \\$aIncludes index to major streets and buildings, top left and top right corner.
=510  4\$aCrace, John Gregory, A catalogue of maps, plans and views of London, Westminster and Southwark collected and arranged by Frederick Crace (1878),$bno. 55, p. 10
=510  4\$aHowgego, James. Printed maps of London,$bcirca 1553 - 1850,$cno. 26 (1), pp. 57-58
=585  \\$aCopy at Maps Crace Port. 2.55. Exhibited: "Picturing Places" (online), 20 April 2017-.$5Uk
=651  \0$aLondon (England)$vMaps$vEarly works to 1800.
=655  \7$aEarly maps.$2fast$0(OCoLC)fst01752681
=700  1\$aCrace, Frederick,$d1779-1859,$eformer owner.
=700  1\$aCrace, John Gregory,$d1809-1889,$edonor.
=852  41$aBritish Library$bMAPS$jMaps Crace Port. 2.55
=856  41$3Copy at Maps Crace Port. 2.55$uhttp://www.bl.uk/onlinegallery/onlineex/crace/a/007000000000002u00055000.html$yDigitised map
=985  \\$aUpgraded from georeferencer data 2022-12-16.
=985  \\$aRecord amended for WR1606-1727
=985  \\$aUpdated by MS generated file for WR2302-017
=CAT  \\$a12842$b40$c20120529$lBLL01$h1155
=CAT  \\$a12842$b40$c20120529$lBLL01$h1405
=CAT  \\$aWR13.117$c20130718$lBLL01$h1854
=CAT  \\$a12842$b40$c20130906$lBLL01$h1358
=CAT  \\$aW1606-1727$c20160825$lBLL01$h1743
=CAT  \\$a8250$b40$c20190531$lBLL01$h0932
=CAT  \\$a14185$b40$c20221218$lBLL01$h1916
=CAT  \\$aW2302-0174$c20230223$lBLL01$h1959
=FIN  \\$aY$d20120529
=FMT  \\$a  MP
=LAS  \\$aW2302-0174$b00$c20230223$lBLL01$h1959

