=LDR  02377cem a2200481 a 4500
=001  016094104
=003  Uk
=005  20230223161612.0
=007  aj\aanzn
=008  120529q1667\\\\enk||||||\a\\\\\0\\\eng|\
=034  0\$aa
=040  \\$aUk$beng$cUk$dUk
=042  \\$aukblsr
=082  04$a912.421$223
=245  02$aA new and exact map of Great Britannie :$bcontaining the three Kingdomes of England, Scotland and Ireland with the Principalitie of Wales etc. as also an addition of severall of ye cheef citties, belonging to the sayd kingdomes.
=255  \\$aScale not given.
=260  \\$aLondon :$bprinted and published by Iohn Owerton at the White Horse without Newgate,$c[1667]
=300  \\$a1 map ;$c41 x 53 cm
=336  \\$acartographic image$2rdacontent
=337  \\$aunmediated$2rdamedia
=338  \\$asheet$2rdacarrier
=500  \\$aIncludes 6 insets by Wenceslaus Hollar: Yorke, Edynburgh, Dubline, Oxforde, Cambridge, A map of both citties London and Westminster, before the fire, Prospect of the citty of London, as it appeared in the time of its flames.
=510  4\$aCrace, John Gregory, A catalogue of maps, plans and views of London, Westminster and Southwark collected and arranged by Frederick Crace (1878),$bno. 57, pp. 10-11
=510  4\$aHowgego, James. Printed maps of London,$bcirca 1553 - 1850,$cno. 14, pp. 51-52
=651  \0$aLondon (England)$vMaps$vEarly works to 1800.
=655  \7$aEarly maps.$2fast$0(OCoLC)fst01752681
=700  1\$aCrace, Frederick,$d1779-1859,$eformer owner.
=700  1\$aCrace, John Gregory,$d1809-1889,$edonor.
=700  1\$aHollar, Wenceslaus,$d1607-1677,$eengraver.
=700  1\$aOverton, John,$d1640-1708?,$epublisher.
=852  41$aBritish Library$bMAPS$jMaps Crace Port. 2.57
=856  41$3Copy at Maps Crace Port. 2.57$uhttp://www.bl.uk/onlinegallery/onlineex/crace/a/007000000000002u00057000.html$yDigitised map
=985  \\$aRecord amended for WR1606-1727
=985  \\$aUpdated by MS generated file for WR2302-017
=CAT  \\$a12842$b40$c20120529$lBLL01$h1451
=CAT  \\$a12842$b40$c20120619$lBLL01$h1750
=CAT  \\$aWR13.117$c20130718$lBLL01$h1854
=CAT  \\$a12842$b40$c20130906$lBLL01$h1407
=CAT  \\$aW1606-1727$c20160825$lBLL01$h1743
=CAT  \\$aW2302-0174$c20230223$lBLL01$h1959
=FIN  \\$aY$d20120529
=FMT  \\$a  MP
=LAS  \\$aW2302-0174$b00$c20230223$lBLL01$h1959

