=LDR  03540cem a2200577 a 4500
=001  016096645
=003  Uk
=005  20230223161612.0
=007  aj\aanzn
=008  120531q1690\\\\xx\||||||\a\\\\\0\\\mul|\
=034  1\$aa$b10200$dW0015133$eW0015647$fN0513136$gN0512934$2bound
=040  \\$aUk$beng$cUk$dUk
=041  0\$aeng$adut
=042  \\$aukblsr
=082  04$a912.421$223
=245  03$a[A map of London, Westminster & Southwark about 1690].
=255  \\$aScale approximately 1:10,200$c(W 1°51'33"--W 1°56'47"/N 51°31'36"--N 51°29'34").
=260  \\$c[ca. 1690]
=300  \\$a1 map ;$c36 x 60 cm
=336  \\$acartographic image$2rdacontent
=337  \\$aunmediated$2rdamedia
=338  \\$asheet$2rdacarrier
=500  \\$aFrom Stowe collection. Note from A catalogue of maps, plans and views of London, Westminster and Southwark collected and arranged by Frederick Crace (1878).
=500  \\$aDerivative of W. Hollar's map of London from ca. 1685.
=500  \\$aTitle taken from pen annotation bottom left.
=500  \\$aIncludes 19 insets along top and bottom margins: The Temple; White Hall; Westminster Hall; The Royal Exchange; portraits of William and Mary in oval ribbon with Dutch title; Clarendon House; Covent Garden; New Bedlam; Bride Well; Cripple Gate; Alders Gate; New Gate; Lud Gate; statue of Charles II at the Stocks Market and of Charles I at Charing Cross; The Tower; Moore Gate; Ald Gate; Bishops Gate.
=500  \\$aRoyal coat of arms at top left and City arms top right of plate.
=500  \\$aA 8 point list of churches on Southwark side, bottom right.
=510  4\$aCrace, John Gregory, A catalogue of maps, plans and views of London, Westminster and Southwark collected and arranged by Frederick Crace (1878),$bno. 63, p. 12
=510  4\$aHowgego, James. Printed maps of London,$bcirca 1553 - 1850,$cno. 39, pp. 66-67
=520  \\$aThis untitled map of Stuart London features royal arms at top left, city arms at top right, with a scale bar and dividers shown beneath a female figure with a globe at lower left. A key to Southwark's churches is provided at lower right. This map is derivative of Wenceslaus Hollar posthumously published plan of 1685 and features vignettes of prominent buildings along the top, together with portraits of King William and Queen Mary. At the foot of the plate, views of the seven city gates and the Tower of London accompany equestrian statues of Charles I and Charles II.
=651  \0$aLondon (England)$vMaps$vEarly works to 1800.
=655  \7$aEarly maps.$2fast$0(OCoLC)fst01752681
=700  1\$aCrace, Frederick,$d1779-1859,$eformer owner.
=700  1\$aCrace, John Gregory,$d1809-1889,$edonor.
=700  1\$aHollar, Wenceslaus,$d1607-1677.
=852  41$aBritish Library$bMAPS$jMaps Crace Port. 2.63
=856  41$3Copy at Maps Crace Port. 2.63$uhttp://www.bl.uk/onlinegallery/onlineex/crace/l/007000000000002u00063000.html$yDigitised map
=985  \\$aUpgraded from BL georeferencer data 2022-11-17.
=985  \\$aRecord amended for WR1606-1727
=985  \\$aUpdated by MS generated file for WR2302-017
=CAT  \\$a12842$b40$c20120531$lBLL01$h1258
=CAT  \\$aWR13.117$c20130718$lBLL01$h1854
=CAT  \\$a12842$b40$c20130909$lBLL01$h1605
=CAT  \\$aW1606-1727$c20160825$lBLL01$h1743
=CAT  \\$a14185$b40$c20221201$lBLL01$h1743
=CAT  \\$a14185$b40$c20221204$lBLL01$h1859
=CAT  \\$aW2302-0174$c20230223$lBLL01$h1959
=FIN  \\$aY$d20120531
=FMT  \\$a  MP
=LAS  \\$aW2302-0174$b00$c20230223$lBLL01$h1959

