=LDR  03857cem a2200649 a 4500
=001  016096695
=003  Uk
=005  20230223161612.0
=007  aj\aanzn
=008  120531q1725\\\\ne\||||||\a\\\\\0\\\mul|\
=034  1\$aa$b8400$dW0015047$eW0015814$fN0513205$gN0512928$2bound
=040  \\$aUk$beng$cUk$dUk
=041  0\$aeng$afre
=042  \\$aukblsr
=082  04$a912.421$223
=100  1\$aMorden, Robert,$dapproximately 1650-1703.
=245  10$aThis actuale survey of London, Westminster, Southwark is humbly dedicated to ye Ld Mayor & court of Aldermen.
=246  11$aPlan de la Ville de Londres, Westmunster & Southwark; dedié aux tres nobles Seigneurs le Lord Maire & Conseillers de la Ville
=255  \\$aScale approximately 1:8,400$c(W 1°50'47"--W 1°58'14"/N 51°32'05"--N 51°29'28").
=260  \\$aA Amsterdam :$bChez Iean Covens et Corneille Mortier. Libraires et Marchands des Cartes,$c[ca. 1725]
=300  \\$a1 map ;$c52 x 98 cm
=336  \\$acartographic image$2rdacontent
=337  \\$aunmediated$2rdamedia
=338  \\$asheet$2rdacarrier
=500  \\$aThis later edition of Morden and Lea's 1688 map was published by Covens & Mortier in Amsterdam in 1725. The title appears in English and French in a ribbon along the top. The key to churches, city wards, palaces, halls and companies features in a reference table at the foot of the plate. Jean Covens and Corneil Mortier founded the prestigious printing and publishing house that bears their names in Amsterdam in 1721. Over the years they published wall maps of countries and continents, reissuing many maps, town plans and general atlases by the likes of De Wit, Jaillot and De Lisle. Their heirs continued the business until the 1880s.
=500  \\$aThis is a reissue of a 1690 map published by Morden and Lea. Other editions published in 1700, ca. 1710, ca. 1725 (this state) and ca. 1765.
=500  \\$aCavendish Square development shown.
=500  \\$aAt bottom portion of plate index to public offices, wards, parishes within the city walls, which numbered 97 before the Great Fire and 62 after, halls, companies, markets, prisons, and hospitals.
=500  \\$aProminent buildings shown in elevation.
=500  \\$aCoat of arms of the City of London on shield top centre.
=510  4\$aCrace, John Gregory, A catalogue of maps, plans and views of London, Westminster and Southwark collected and arranged by Frederick Crace (1878),$bno. 64, p. 12
=510  4\$aHowgego, James. Printed maps of London,$bcirca 1553 - 1850,$cno. 42 (4), p. 68
=651  \0$aLondon (England)$vMaps$vEarly works to 1800.
=655  \7$aEarly maps.$2fast$0(OCoLC)fst01752681
=700  1\$aCrace, Frederick,$d1779-1859,$eformer owner.
=700  1\$aCrace, John Gregory,$d1809-1889,$edonor.
=700  1\$aLea, Philip,$dactive 1683-1700.
=710  1\$aCovens & Mortier (Firm)
=852  41$aBritish Library$bMAPS$jMaps Crace Port. 2.64
=856  41$3Copy at Maps Crace Port. 2.64$uhttp://www.bl.uk/onlinegallery/onlineex/crace/t/007000000000002u00064000.html$yDigitised map
=985  \\$aUpgraded from georeferencer data 2022-12-16.
=985  \\$aRecord amended for WR# 13/070
=985  \\$aRecord amended for WR1606-1727
=985  \\$aUpdated by MS generated file for WR2302-017
=CAT  \\$a12842$b40$c20120531$lBLL01$h1401
=CAT  \\$a12842$b40$c20120612$lBLL01$h1627
=CAT  \\$aWR13_070$b00$c20130504$lBLL01$h0338
=CAT  \\$aWR13.117$c20130718$lBLL01$h1854
=CAT  \\$a12842$b40$c20130911$lBLL01$h1129
=CAT  \\$aBATCH-UPD$b40$c20140523$lBLL01$h2118
=CAT  \\$aW1606-1727$c20160825$lBLL01$h1743
=CAT  \\$a14185$b40$c20221218$lBLL01$h1916
=CAT  \\$a14185$b40$c20221219$lBLL01$h0904
=CAT  \\$aW2302-0174$c20230223$lBLL01$h1959
=FIN  \\$aY$d20120531
=FMT  \\$a  MP
=LAS  \\$aW2302-0174$b00$c20230223$lBLL01$h1959

