=LDR  01786 em a2200421 a 4500
=001  016097243
=003  Uk
=005  20120601134450.0
=007  aj\aanzn
=008  120601q1670\\\\\\\||||||\a\\\\\0\\\dut|\
=034  0\$aa
=040  \\$aUk$beng$cUk$dUk
=041  0\$adut
=042  \\$aukblsr
=082  04$a912.421$223
=245  00$aNieuw Moodel om de afgebrande Stadt London te herbouwen.
=255  \\$aScale not given.
=260  \\$c[after 1670].
=300  \\$a1 map ;$c10 x 26 cm.
=336  \\$acartographic image$2rdacontent
=337  \\$aunmediated$2rdamedia
=338  \\$asheet$2rdacarrier
=500  \\$aGrid-like street plan for rebuilding the city after the Great Fire designed by R. Hooke.
=500  \\$aThis map is similar to the inset on map Grundtriss der Statt London wie solche vor und nach dem Brand anzusehen, sampt dem Newen Model, wie selbige widrum Auffgebauwet werden solle, published in Frankfurt ca. 1670.
=510  1\$aCrace, John Gregory, A catalogue of maps, plans and views of London, Westminster and Southwark collected and arranged by Frederick Crace (1878),$bno. 67, p. 13.
=651  \0$aLondon$xEarly works to 1800$vMaps.
=655  \0$aEarly maps.
=700  1\$aCrace, Frederick,$d1779-1859,$eformer owner.
=700  1\$aCrace, John Gregory,$d1809-1889,$edonor.
=852  41$aBritish Library$bMAPS$jMaps Crace Port. 2.67
=856  41$3Copy at Maps Crace Port. 2.67$uhttp://www.bl.uk/onlinegallery/onlineex/crace/n/007000000000002u00067000.html$yDigitised map
=985  \\$aRecord amended for WR1606-1727
=CAT  \\$a12842$b40$c20120601$lBLL01$h1344
=CAT  \\$aWR13.117$c20130718$lBLL01$h1854
=CAT  \\$aW1606-1727$c20160825$lBLL01$h1743
=FIN  \\$aY$d20120601
=FMT  \\$a  MP
=LAS  \\$aW1606-1727$b00$c20160825$lBLL01$h1743

