=LDR  02999cem a2200553 a 4500
=001  016097388
=003  Uk
=005  20230223161612.0
=007  aj\canzn
=008  120601q1835\\\\enk||||||\a\\\\\0\\\eng|\
=034  1\$aa$b2400$dW0015323$eW0015518$fN0513109$gN0513017$2bound
=040  \\$aUk$beng$cUk$dUk
=042  \\$aukblsr
=082  04$a912.421$223
=100  10$aWhishaw, Francis.
=245  10$aGeneral plan of that part of the City of London, which was destroyed by the Great Fire of 1666 :$bshewing also the present state thereof constructed from authentic documents & recent surveys /$cby Francis Whishaw, civil engineer & surveyor.
=255  \\$aScale approximately 1:2,400$c(W 1°53'23"--W 1°55'18"/N 51°31'09"--N 51°30'17").
=260  \\$aLondon :$bWilliam Darton & Son; Holborn Hill,$c[ca. 1835]
=300  \\$a1 map :$bcol. ;$c55 x 78 cm
=336  \\$acartographic image$2rdacontent
=337  \\$aunmediated$2rdamedia
=338  \\$asheet$2rdacarrier
=500  \\$aImprint taken from Tooley's dictionary of mapmakers Q-Z, V. Scott (2004).
=500  \\$aIncludes descriptive notes on London's historic sites; explanation at the bottom right corner.
=500  \\$aInset at top right of plate shows the Monument.
=510  4\$aCrace, John Gregory, A catalogue of maps, plans and views of London, Westminster and Southwark collected and arranged by Frederick Crace (1878),$bno. 68, p. 13
=510  4\$aScott, Valerie. Tooley's dictionary of mapmakers Q-Z (2004),$bp. 378
=520  \\$aThis retrospective map compares pre-fire London with the city of the 1830s. The title and publisher's imprint appear at top left, with a reference table at bottom right, scale bar at bottom centre, and woodcut view of the Temple at top right. The map shows churches, halls and public buildings destroyed in the fire in grey,with contemporary buildings in pink.
=651  \0$aLondon (England)$vMaps$vEarly works to 1800.
=655  \7$aEarly maps.$2fast$0(OCoLC)fst01752681
=700  1\$aCrace, Frederick,$d1779-1859,$eformer owner.
=700  1\$aCrace, John Gregory,$d1809-1889,$edonor.
=710  1\$aWilliam Darton & Son (Firm)
=852  41$aBritish Library$bMAPS$jMaps Crace Port. 2.68
=856  41$3Copy at Maps Crace Port. 2.68$uhttp://www.bl.uk/onlinegallery/onlineex/crace/g/007000000000002u00068000.html$yDigitised map
=985  \\$aUpgraded from BL georeferencer data 2022-11-17.
=985  \\$aRecord amended for WR1606-1727
=985  \\$aUpdated by MS generated file for WR2302-017
=CAT  \\$a12842$b40$c20120601$lBLL01$h1704
=CAT  \\$aWR13.117$c20130718$lBLL01$h1854
=CAT  \\$a12842$b40$c20130911$lBLL01$h1149
=CAT  \\$aW1606-1727$c20160825$lBLL01$h1742
=CAT  \\$aBATCH-UPD$b00$c20160825$lBLL01$h1743
=CAT  \\$a14185$b40$c20221201$lBLL01$h1156
=CAT  \\$a14185$b40$c20221202$lBLL01$h1328
=CAT  \\$aW2302-0174$c20230223$lBLL01$h1959
=FIN  \\$aY$d20120601
=FMT  \\$a  MP
=LAS  \\$aW2302-0174$b00$c20230223$lBLL01$h1959

