=LDR  03167cem a2200541 a 4500
=001  016100034
=003  Uk
=005  20230223161614.0
=007  aj\aanzn
=008  120606s1676\\\\enk||||||\a\\\\\0\\\eng|\
=034  1\$aa$dW0015303$eW0015540$fN0513132$gN0513010$2bound
=040  \\$aUk$beng$cUk$dUk
=042  \\$aukblsr
=082  04$a912.421$223
=100  1\$aOverton, John,$d1640-1708?.
=245  12$aA new and plaine mapp of the citty of London shewing the streets, lanes, allies, courts, churches, halls and other remarkable places as they are now rebuilt, 1676.
=255  \\$aScale not determined$c(W 1°53'03"--W 1°55'40"/N 51°31'32"--N 51°30'10").
=260  \\$a[London] :$bprinted and sould by Iohn Overton at the White horse without Newgate,$c1676.
=300  \\$a1 map ;$c44 x 58 cm
=336  \\$acartographic image$2rdacontent
=337  \\$aunmediated$2rdamedia
=338  \\$asheet$2rdacarrier
=500  \\$aThe title of this map of the City of London appears along the top, with tables of references at top left and right, a compass rose depicted along the river course. St Paul's Cathedral, the Tower of London, the Roman wall and ships sailing along the Thames are all shown pictorially. The map's publisher, John Overton, had acquired Peter Stent's stock in the mid-17th Century. This stock included many maps by leading Tudor cartographers. His son Henry succeeded him in 1703 and continued the family's publishing business.
=500  \\$aThis is one of the most detailed post-Fire plans of London and is entered in the Term Catalogues under the date, Feb. 1676, it is also advertised in the London Gazette, January 1676.
=500  \\$aIncludes a 125 point list of places marked by numbers on the map, top left and top right corners.
=510  4\$aCrace, John Gregory, A catalogue of maps, plans and views of London, Westminster and Southwark collected and arranged by Frederick Crace (1878),$bno. 69, p. 13
=510  4\$aHowgego, James. Printed maps of London,$bcirca 1553 - 1850,$cno. 29 (2), pp. 59-61
=651  \0$aLondon (England)$vMaps$vEarly works to 1800.
=655  \7$aEarly maps.$2fast$0(OCoLC)fst01752681
=700  1\$aCrace, Frederick,$d1779-1859,$eformer owner.
=700  1\$aCrace, John Gregory,$d1809-1889,$edonor.
=852  41$aBritish Library$bMAPS$jMaps Crace Port. 2.69
=856  41$3Copy at Maps Crace Port. 2.69$uhttp://www.bl.uk/onlinegallery/onlineex/crace/a/007000000000002u00069000.html$yDigitised map
=985  \\$aUpgraded from georeferencer data 2022-12-16.
=985  \\$aRecord amended for WR1606-1727
=985  \\$aUpdated by MS generated file for WR2302-017
=CAT  \\$a12842$b40$c20120606$lBLL01$h1208
=CAT  \\$a12842$b40$c20120608$lBLL01$h1443
=CAT  \\$aWR13.117$c20130718$lBLL01$h1854
=CAT  \\$a12842$b40$c20130911$lBLL01$h1152
=CAT  \\$aW1606-1727$c20160825$lBLL01$h1743
=CAT  \\$aBATCH-UPD$b00$c20160825$lBLL01$h1746
=CAT  \\$a14185$b40$c20221218$lBLL01$h1916
=CAT  \\$a14185$b40$c20221219$lBLL01$h0926
=CAT  \\$aW2302-0174$c20230223$lBLL01$h1959
=FIN  \\$aY$d20120606
=FMT  \\$a  MP
=LAS  \\$aW2302-0174$b00$c20230223$lBLL01$h1959

