=LDR  03645cem a2200613 a 4500
=001  016100136
=003  Uk
=005  20230223161614.0
=007  aj\aanzn
=008  120606q1690\\\\ne\||||||\a\\\\\0\\\mul|\
=034  1\$aa$dW0015052$eW0015819$fN0513150$gN0512856$2bound
=040  \\$aUk$beng$cUk$dUk
=041  0\$aeng$alat$adut
=042  \\$aukblsr
=082  04$a912.421$223
=100  1\$aRam, Johannes de,$d1648-1693.
=245  10$aLondoni Angliae Regni Metropolis novissima & accuratissima /$cautore Iacobo de la Feuille.
=255  \\$aScale not determined$c(W 1°50'52"--W 1°58'19"/N 51°31'50"--N 51°28'56").
=260  \\$at' Amsterdam,$c[ca. 1690]
=300  \\$a1 map ;$c40 x 59 cm
=336  \\$acartographic image$2rdacontent
=337  \\$aunmediated$2rdamedia
=338  \\$asheet$2rdacarrier
=500  \\$aThe title of this map of London, Westminster and Southwark appears along the top. Figures of cherubs are depicted at top left facing the reference table at top right. The royal and city arms are illustrated at the foot of the plate, with a key to places in Southwark and compass rose at lower left, facing the portraits of King William III and Queen Mary at bottom right. The panorama of the city which features in the panel below the plan is based on Matthaeus Merian's view published in "Theatrum Europeum" in 1720. Joannes de Ram had already published an identical map of the city. His name was removed from the plan when French mapmaker, engraver and publisher Jacques de la Feuille married de Ram's widow and took over his publishing business.
=500  \\$aContains embedded portraits of King William III and Queen Mary II, bottom right corner of map.
=500  \\$aPutti in clouds crowning Royal coat of arms and carrying City arms, top left corner.
=500  \\$aIncludes index to streets and public buildings, top right corner. A 10 point list of places in Southwark, left centre.
=500  \\$aAt the bottom portion of plate panorama of London seen from the south, based on the Merian view.
=510  4\$aCrace, John Gregory, A catalogue of maps, plans and views of London, Westminster and Southwark collected and arranged by Frederick Crace (1878),$cno. 70, p. 13
=510  4\$aHowgego, James. Printed maps of London,$bcirca 1553 - 1850,$cno. 40 (2), p. 67
=510  4\$aScott, Valerie. Tooley's dictionary of mapmakers K-P (2003),$cp. 70
=510  4\$aScott, Valerie. Tooley's dictionary of mapmakers Q-Z (2004),$cp. 8
=651  \0$aLondon (England)$vMaps$vEarly works to 1800.
=655  \7$aEarly maps.$2fast$0(OCoLC)fst01752681
=700  1\$aLa Feuille, Jacques,$d1668-1719.
=700  1\$aCrace, Frederick,$d1779-1859,$eformer owner.
=700  1\$aCrace, John Gregory,$d1809-1889,$edonor.
=852  41$aBritish Library$bMAPS$jMaps Crace Port. 2.70
=856  41$3Copy at Maps Crace Port. 2.70$uhttp://www.bl.uk/onlinegallery/onlineex/crace/l/007000000000002u00070000.html$yDigitised map
=985  \\$aUpgraded from georeferencer data 2022-12-16.
=985  \\$aRecord amended for WR1606-1727
=985  \\$aUpdated by MS generated file for WR2302-017
=CAT  \\$a12842$b40$c20120606$lBLL01$h1354
=CAT  \\$a12842$b40$c20120606$lBLL01$h1455
=CAT  \\$a12842$b40$c20120606$lBLL01$h1522
=CAT  \\$aWR13.117$c20130718$lBLL01$h1854
=CAT  \\$a12842$b40$c20130911$lBLL01$h1156
=CAT  \\$aW1606-1727$c20160825$lBLL01$h1743
=CAT  \\$a14185$b40$c20221218$lBLL01$h1916
=CAT  \\$a14185$b40$c20221219$lBLL01$h0926
=CAT  \\$aW2302-0174$c20230223$lBLL01$h1959
=FIN  \\$aY$d20120606
=FMT  \\$a  MP
=LAS  \\$aW2302-0174$b00$c20230223$lBLL01$h1959

