=LDR  03521cem a2200589 a 4500
=001  016100269
=003  Uk
=005  20230223161614.0
=007  aj\aanzn
=008  120606q1729\\\\ne\||||||\a\\\\\0\\\mul|\
=034  1\$aa$dW0015052$eW0015811$fN0513153$gN0512904$2bound
=040  \\$aUk$beng$cUk$dUk
=041  0\$aeng$alat$adut
=042  \\$aukblsr
=082  04$a912.421$223
=100  1\$aRam, Johannes de,$d1648-1693.
=245  10$aLondoni Angliae Regni Metropolis delineatio accuratissima /$cper Petrum vander Aa.
=255  \\$aScale not determined$c(W 1°50'52"--W 1°58'11"/N 51°31'53"--N 51°29'04").
=260  \\$aA Leide :$bchez Pierre vander Aa, Libraire: Imprimeur de l'Universite et de la Ville,$c[1729]
=300  \\$a1 map ;$c48 x 59 cm
=336  \\$acartographic image$2rdacontent
=337  \\$aunmediated$2rdamedia
=338  \\$asheet$2rdacarrier
=500  \\$aThis map of London, Westminster and Southwark was issued in Peter Van der Aa's "La Galerie Agreable du Monde: Grande Bretagne et Irlande" (Vol. I, Plate 8). It is a later edition of a map first published in Amsterdam by Joannes de Ram at the end of the 17th century. This edition features title along the top, a key to places in Southwark in cartouche at top left, a reference table at top right, and a bird's-eye view of Westwood Park in Worcestershire at the foot of the plate. The city arms, publisher's imprint, and a monument bearing the title in French appear towards the bottom of the sheet.
=500  \\$aFirst published by J. de Ram in ca. 1690.
=500  \\$aFrom La Galerie agreable du monde: Grande Bretagne et l'Irlande, vol. 1, plate 8, by P. van der Aa, 1729.
=500  \\$aIncludes index to streets and public buildings, top right corner. A 10 point list of places in Southwark, top left corner.
=500  \\$aPanel with a monument bearing the title London, the City arms and motto and a French version of the map title, La ville de Londres, capitale de la Grande Bretagne, bottom right corner.
=500  \\$aAcross the foot of the plate is a view of Westwood Park, Worcestershire.
=510  4\$aCrace, John Gregory, A catalogue of maps, plans and views of London, Westminster and Southwark collected and arranged by Frederick Crace (1878),$cno. 71, p. 13
=510  4\$aHowgego, James. Printed maps of London,$bcirca 1553 - 1850,$cno. 40 (4), p. 67
=510  4\$aScott, Valerie. Tooley's dictionary of mapmakers Q-Z (2004),$cp. 8
=651  \0$aLondon (England)$vMaps$vEarly works to 1800.
=655  \7$aEarly maps.$2fast$0(OCoLC)fst01752681
=700  1\$aCrace, Frederick,$d1779-1859,$eformer owner.
=700  1\$aCrace, John Gregory,$d1809-1889,$edonor.
=700  1\$aAa, Pieter van der,$d1659-1733.
=852  41$aBritish Library$bMAPS$jMaps Crace Port. 2.71
=856  41$3Copy at Maps Crace Port. 2.71$uhttp://www.bl.uk/onlinegallery/onlineex/crace/l/007000000000002u00071000.html$yDigitised map
=985  \\$aUpgraded from georeferencer data 2022-12-16.
=985  \\$aRecord amended for WR1606-1727
=985  \\$aUpdated by MS generated file for WR2302-017
=CAT  \\$a12842$b40$c20120606$lBLL01$h1523
=CAT  \\$aWR13.117$c20130718$lBLL01$h1854
=CAT  \\$a12842$b40$c20130911$lBLL01$h1404
=CAT  \\$aW1606-1727$c20160825$lBLL01$h1743
=CAT  \\$a14185$b40$c20221218$lBLL01$h1916
=CAT  \\$a14185$b40$c20221219$lBLL01$h0858
=CAT  \\$aW2302-0174$c20230223$lBLL01$h1959
=FIN  \\$aY$d20120606
=FMT  \\$a  MP
=LAS  \\$aW2302-0174$b00$c20230223$lBLL01$h1959

