=LDR  02556cem a2200541 a 4500
=001  016100309
=003  Uk
=005  20230223161614.0
=007  aj\aanzn
=008  120606q1700\\\\gw\||||||\a\\\\\0\\\eng|\
=034  1\$aa$dW0015049$eW0015825$fN0513141$gN0512934$2bound
=040  \\$aUk$beng$cUk$dUk
=042  \\$aukblsr
=082  04$a912.421$223
=100  1\$aStridbeck, Johann,$cthe Younger,$d1666-1714.
=245  10$aLonden, Westmunster u: Soudwark /$cIoh. Stridbeck jun. fec.
=255  \\$aScale not determined$c(W 1°50'49"--W 1°58'25"/N 51°31'41"--N 51°29'34").
=260  \\$c[ca. 1700]
=300  \\$a1 map ;$c15 x 38 cm
=336  \\$acartographic image$2rdacontent
=337  \\$aunmediated$2rdamedia
=338  \\$asheet$2rdacarrier
=500  \\$aThe title of this German map of London, Westminster and Southwark, appears between two ribbons at the top. A compass rose appears in the river, with prominent buildings shown pictorially instead of in plan and numbered for reference.
=500  \\$aProminent buildings shown pictorially and numbered for reference, this copy has no key.
=510  4\$aCrace, John Gregory, A catalogue of maps, plans and views of London, Westminster and Southwark collected and arranged by Frederick Crace (1878),$cno. 73, p. 14
=510  4\$aHowgego, James. Printed maps of London,$bcirca 1553 - 1850,$cno. 45, pp. 69-71
=510  4\$aScott, Valerie. Tooley's dictionary of mapmakers Q-Z (2004),$cp. 226
=651  \0$aLondon (England)$vMaps$vEarly works to 1800.
=655  \7$aEarly maps.$2fast$0(OCoLC)fst01752681
=700  1\$aCrace, Frederick,$d1779-1859,$eformer owner.
=700  1\$aCrace, John Gregory,$d1809-1889,$edonor.
=852  41$aBritish Library$bMAPS$jMaps Crace Port. 2.73
=856  41$3Copy at Maps Crace Port. 2.73$uhttp://www.bl.uk/onlinegallery/onlineex/crace/l/007000000000002u00073000.html$yDigitised map
=985  \\$aUpgraded from georeferencer data 2022-12-16.
=985  \\$a100 NEW
=985  \\$aRecord amended for WR1606-1727
=985  \\$aUpdated by MS generated file for WR2302-017
=CAT  \\$a12842$b40$c20120606$lBLL01$h1624
=CAT  \\$aWR13.117$c20130718$lBLL01$h1854
=CAT  \\$a12842$b40$c20130911$lBLL01$h1411
=CAT  \\$a6550$b40$c20140722$lBLL01$h1105
=CAT  \\$aW1606-1727$c20160825$lBLL01$h1743
=CAT  \\$a14185$b40$c20221218$lBLL01$h1916
=CAT  \\$a14185$b40$c20221219$lBLL01$h0928
=CAT  \\$aW2302-0174$c20230223$lBLL01$h1959
=FIN  \\$aY$d20120606
=FMT  \\$a  MP
=LAS  \\$aW2302-0174$b00$c20230223$lBLL01$h1959

