=LDR  03801cem a2200673 a 4500
=001  016100329
=003  Uk
=005  20230223161614.0
=007  aj\aanzn
=008  120606s1700\\\\enk||||||\a\\\\\0\\\eng|\
=034  1\$aa$b8440$dW0015048$eW0015813$fN0513215$gN0512928$2bound
=040  \\$aUk$beng$cUk$dUk
=042  \\$aukblsr
=082  04$a912.421$223
=100  1\$aMorden, Robert,$dapproximately 1650-1703.
=245  10$aThis actuall survey of London, Westminster & Southwark is humbly dedicated to ye Ld Mayor & court of Aldermen /$cby Ro. Morden, Phil. Lea, Chr. Browne ; I. Harris delin. et sculp 1700.
=255  \\$aScale approximately 1:8,440$c(W 1°50'48"--W 1°58'13"/N 51°32'15"--N 51°29'28").
=260  \\$aLondon :$bsold by Phillip Lea, at the Atlas & Hercules in Cheapside and by Christopher Browne, at the Globe the West end of St. Pauls,$c1700.
=300  \\$a1 map ;$c58 x 99 cm
=336  \\$acartographic image$2rdacontent
=337  \\$aunmediated$2rdamedia
=338  \\$asheet$2rdacarrier
=500  \\$aThis is a later edition of a very popular map of London first published by Morden and Lea in 1690. The map's title features along the top, with the city arms at top left, facing the publisher's imprint in shield at top right. The reference tables, scale bar and compass rose appear at lower right. The plan marks the city's growth in the late Stuart period, showing its northward spread towards Islington.
=500  \\$a2nd ed.; first published in ca. 1690, later editions c.1710, c.1725 and c.1765.
=500  \\$aAt bottom portion of plate tables of reference and index to public offices, wards, parishes, halls, companies, markets, prisons, and hospitals.
=500  \\$aProminent buildings shown in elevation.
=500  \\$aCoat of arms of the City of London on shield top corner.
=510  4\$aCrace, John Gregory, A catalogue of maps, plans and views of London, Westminster and Southwark collected and arranged by Frederick Crace (1878),$cno. 74, p. 14
=510  4\$aHowgego, James. Printed maps of London,$bcirca 1553 - 1850,$cno. 42 (2), p. 68
=510  4\$aWorms, Laurence, Baynton-Williams, Ashley. British Map Engravers. A dictionary of engravers, lithographers and their principal employers,$bto 1850,$cpp. 296-299
=651  \0$aLondon (England)$vMaps$vEarly works to 1800.
=655  \7$aEarly maps.$2fast$0(OCoLC)fst01752681
=700  1\$aCrace, Frederick,$d1779-1859,$eformer owner.
=700  1\$aCrace, John Gregory,$d1809-1889,$edonor.
=700  1\$aHarris, John,$d1680-1740,$eengraver.
=700  1\$aBrowne, Christopher,$dactive 1684-1712.
=700  1\$aLea, Philip,$dactive 1683-1700.
=852  41$aBritish Library$bMAPS$jMaps Crace Port. 2.74
=856  41$3Copy at Maps Crace Port. 2.74$uhttp://www.bl.uk/onlinegallery/onlineex/crace/t/007000000000002u00074000.html$yDigitised map
=985  \\$aUpgraded from georeferencer data 2022-12-16.
=985  \\$aRecord amended for WR# 13/070
=985  \\$aRecord amended for WR1606-1727
=985  \\$aUpdated by MS generated file for WR2302-017
=CAT  \\$a12842$b40$c20120606$lBLL01$h1729
=CAT  \\$a12842$b40$c20120607$lBLL01$h1346
=CAT  \\$aWR13_070$b00$c20130504$lBLL01$h0338
=CAT  \\$aWR13.117$c20130718$lBLL01$h1854
=CAT  \\$a12842$b40$c20130911$lBLL01$h1420
=CAT  \\$a5100$b40$c20130926$lBLL01$h0818
=CAT  \\$aBATCH-UPD$b40$c20140523$lBLL01$h2118
=CAT  \\$aBATCH-UPD$b40$c20160307$lBLL01$h2254
=CAT  \\$a5194$b40$c20160308$lBLL01$h1142
=CAT  \\$aW1606-1727$c20160825$lBLL01$h1743
=CAT  \\$a14185$b40$c20221218$lBLL01$h1916
=CAT  \\$a14185$b40$c20221219$lBLL01$h0921
=CAT  \\$aW2302-0174$c20230223$lBLL01$h1959
=FIN  \\$aY$d20120606
=FMT  \\$a  MP
=LAS  \\$aW2302-0174$b00$c20230223$lBLL01$h1959

