=LDR  02941cem a2200613 a 4500
=001  016100527
=003  Uk
=005  20230223161614.0
=007  aj\aanzn
=008  120607s1705\\\\fr\||||||\a\\\\\1\\\fre|\
=034  1\$aa$b45000$dW0015114$eW0015747$fN0513206$gN0512920$2bound
=040  \\$aUk$beng$cUk$dUk
=042  \\$aukblsr
=082  04$a912.421$223
=100  1\$aFer, Nicolas de,$d1646-1720.
=245  10$aPlan des Villes de Londres et de Westminster et de leur Faubourgs avec le Bourg de Southwark /$cpar de Fer avec priv. du Roy, 1705 ; C. Inselin sculpst.
=255  \\$aScale approximately 1:45,000$c(W 1°51'14"--W 1°57'47"/N 51°32'06"--N 51°29'20").
=260  \\$a[A Paris :$bchez l'Auteur],$c1705.
=300  \\$a1 map ;$c23 x 34 cm
=336  \\$acartographic image$2rdacontent
=337  \\$aunmediated$2rdamedia
=338  \\$asheet$2rdacarrier
=500  \\$aThe title of this French plan runs along the top of the sheet, with table of references at top left, facing the scale bar and compass rose at top right. This map was included in Nicolas de Fer's "Atlas Curieux".
=500  \\$a2nd ed.; first published in 1700.
=500  \\$aFrom L'atlas curieux by N. Fer published in 1705, imprint taken from the title page.
=500  \\$aIncludes key reference table to identify numbered landmarks.
=500  \\$aTop right corner: '21'.
=510  4\$aCrace, John Gregory, A catalogue of maps, plans and views of London, Westminster and Southwark collected and arranged by Frederick Crace (1878),$cno. 75, p. 14
=510  4\$aHowgego, James. Printed maps of London,$bcirca 1553 - 1850,$cno. 44 (2), p. 69
=651  \0$aLondon (England)$vMaps$vEarly works to 1800.
=655  \7$aEarly maps.$2fast$0(OCoLC)fst01752681
=700  1\$aCrace, Frederick,$d1779-1859,$eformer owner.
=700  1\$aCrace, John Gregory,$d1809-1889,$edonor.
=700  1\$aInselin, Charles,$dactive 1680-1715,$eengraver.
=852  41$aBritish Library$bMAPS$jMaps Crace Port. 2.75
=856  41$3Copy at Maps Crace Port. 2.75$uhttp://www.bl.uk/onlinegallery/onlineex/crace/p/007000000000002u00075000.html$yDigitised map
=985  \\$aUpgraded from georeferencer data 2022-12-16.
=985  \\$a700 NEW
=985  \\$aRecord amended for WR# 13/070
=985  \\$aRecord amended for WR1606-1727
=985  \\$aUpdated by MS generated file for WR2302-017
=CAT  \\$a12842$b40$c20120607$lBLL01$h1343
=CAT  \\$a12842$b40$c20120607$lBLL01$h1345
=CAT  \\$aWR13_070$b00$c20130504$lBLL01$h0338
=CAT  \\$aWR13_070C$c20130611$lBLL01$h1859
=CAT  \\$aWR13.117$c20130718$lBLL01$h1854
=CAT  \\$a12842$b40$c20130911$lBLL01$h1423
=CAT  \\$aW1606-1727$c20160825$lBLL01$h1743
=CAT  \\$a14185$b40$c20221218$lBLL01$h1916
=CAT  \\$a14185$b40$c20221219$lBLL01$h0928
=CAT  \\$aW2302-0174$c20230223$lBLL01$h1959
=FIN  \\$aY$d20120607
=FMT  \\$a  MP
=LAS  \\$aW2302-0174$b00$c20230223$lBLL01$h1959

