=LDR  02407cem a2200517 a 4500
=001  016100674
=003  Uk
=005  20230223161614.0
=007  aj\aanzn
=008  120607q1707\\\\ne\||||||\a\\\\\0\\\eng|\
=034  1\$aa$dW0015049$eW0015824$fN0513213$gN0512911$2bound
=040  \\$aUk$beng$cUk$dUk
=042  \\$aukblsr
=082  04$a912.421$223
=100  1\$aBeeverell, James.
=245  10$aLondon.
=255  \\$aScale not determined$c(W 1°50'49"--W 1°58'24"/N 51°32'13"--N 51°29'11").
=260  \\$a[Leide,$c1707]
=300  \\$a1 map ;$c10 x 16 cm
=336  \\$acartographic image$2rdacontent
=337  \\$aunmediated$2rdamedia
=338  \\$asheet$2rdacarrier
=500  \\$aThis small map of London and suburbs was included in a small 1707 French travel book, "Les Delices de la Grande Bretagne". It features a compass rose at bottom right, and a title with reference panel below the plan.
=500  \\$aFrom Les Delices de la Grand' Bretagne ... by J. Beeverell published in 1707, imprint taken from title page.
=500  \\$aIncludes index to prominent buildings, bottom portion of plate.
=510  4\$aCrace, John Gregory, A catalogue of maps, plans and views of London, Westminster and Southwark collected and arranged by Frederick Crace (1878),$cno. 76, p. 14
=510  4\$aHowgego, James. Printed maps of London,$bcirca 1553 - 1850,$cno. 54, pp. 75-76
=651  \0$aLondon (England)$vMaps$vEarly works to 1800.
=655  \7$aEarly maps.$2fast$0(OCoLC)fst01752681
=700  1\$aCrace, Frederick,$d1779-1859,$eformer owner.
=700  1\$aCrace, John Gregory,$d1809-1889,$edonor.
=852  41$aBritish Library$bMAPS$jMaps Crace Port. 2.76
=856  41$3Copy at Maps Crace Port. 2.76$uhttp://www.bl.uk/onlinegallery/onlineex/crace/l/007000000000002u00076000.html$yDigitised map
=985  \\$aUpgraded from georeferencer data 2022-12-16.
=985  \\$aRecord amended for WR1606-1727
=985  \\$aUpdated by MS generated file for WR2302-017
=CAT  \\$a12842$b40$c20120607$lBLL01$h1657
=CAT  \\$aWR13.117$c20130718$lBLL01$h1854
=CAT  \\$a12842$b40$c20130911$lBLL01$h1427
=CAT  \\$aW1606-1727$c20160825$lBLL01$h1743
=CAT  \\$a14185$b40$c20221218$lBLL01$h1916
=CAT  \\$a14185$b40$c20221219$lBLL01$h0849
=CAT  \\$aW2302-0174$c20230223$lBLL01$h1959
=FIN  \\$aY$d20120607
=FMT  \\$a  MP
=LAS  \\$aW2302-0174$b00$c20230223$lBLL01$h1959

