=LDR  02395cem a2200481 a 4500
=001  016100911
=003  Uk
=005  20230223161614.0
=007  aj\aanzn
=008  120608s1718\\\\ne\||||||\a\\\\\0\\\fre|\
=034  0\$aa
=040  \\$aUk$beng$cUk$dUk
=042  \\$aukblsr
=082  04$a912.421$223
=100  1\$aChatelain, Henri Abraham.
=245  10$aNouvelle carte du gouvernement civil d'Angleterre et de celuy de la ville de Londres.
=255  \\$aScale not given.
=260  \\$a[Amsterdam,$c1718]
=300  \\$a2 maps on 1 sheet ;$c10 x 24 cm or smaller, on sheet 36 x 47 cm
=336  \\$acartographic image$2rdacontent
=337  \\$aunmediated$2rdamedia
=338  \\$asheet$2rdacarrier
=500  \\$aFrom Atlas historique, ou Nouvelle introduction a l'histoire, a la chronologie & a la geographie ancienne & moderne ... Par Mr C*** [i.e. Henri Abraham Chatelain], vol. II pt. 2, 1718.
=500  \\$aFolio sheet containing a map of England and Wales; a plan of London: Plan de la ville de Londres et diverses remarques sur cette ville; and two engravings with allegorical figures representing the empire. Panels of French text provide a detailed history of the civil governmental structure.
=500  \\$aTop right corner: 'Tome 2, No. 53'.
=510  4\$aCrace, John Gregory, A catalogue of maps, plans and views of London, Westminster and Southwark collected and arranged by Frederick Crace (1878),$cno. 77, p. 14
=510  4\$aHowgego, James. Printed maps of London,$bcirca 1553 - 1850,$cno. 62a, p. 79
=651  \0$aLondon (England)$vMaps$vEarly works to 1800.
=655  \7$aEarly maps.$2fast$0(OCoLC)fst01752681
=700  1\$aCrace, Frederick,$d1779-1859,$eformer owner.
=700  1\$aCrace, John Gregory,$d1809-1889,$edonor.
=852  41$aBritish Library$bMAPS$jMaps Crace Port. 2.77
=856  41$3Copy at Maps Crace Port. 2.77$uhttp://www.bl.uk/onlinegallery/onlineex/crace/n/007000000000002u00077000.html$yDigitised map
=985  \\$aRecord amended for WR1606-1727
=985  \\$aUpdated by MS generated file for WR2302-017
=CAT  \\$a12842$b40$c20120608$lBLL01$h1351
=CAT  \\$aWR13.117$c20130718$lBLL01$h1854
=CAT  \\$a12842$b40$c20130911$lBLL01$h1429
=CAT  \\$aW1606-1727$c20160825$lBLL01$h1743
=CAT  \\$aW2302-0174$c20230223$lBLL01$h1959
=FIN  \\$aY$d20120608
=FMT  \\$a  MP
=LAS  \\$aW2302-0174$b00$c20230223$lBLL01$h1959

