=LDR  03292cem a2200601 a 4500
=001  016100960
=003  Uk
=005  20230223161614.0
=007  aj\aanzn
=008  120608s1706\\\\enk||||||\a\\\\\1\\\eng|\
=034  1\$aa$dW0015120$eW0015652$fN0513138$gN0512933$2bound
=040  \\$aUk$beng$cUk$dUk
=042  \\$aukblsr
=082  04$a912.421$223
=100  1\$aOverton, John,$d1640-1708?.
=245  12$aA new mapp of the citty of London much inlarged since the Great Fire in 1666 in which are several streets and buildings of note which hath been added since aney other mapps of London before this hath been published.
=255  \\$aScale not determined$c(W 1°51'20"--W 1°56'52"/N 51°31'38"--N 51°29'33").
=260  \\$aLondon :$bPrinted and sold by John Overton at the White Hors without Newgate,$c1706.
=300  \\$a1 map ;$c55 x 96 cm
=336  \\$acartographic image$2rdacontent
=337  \\$aunmediated$2rdamedia
=338  \\$asheet$2rdacarrier
=500  \\$aThis title of this map of Stuart London appears along the top, with the City arms depicted at top left, and a reference panel at top right. A scale bar with dividers features at bottom left, with the key to individual churches in Southwark in a banner at bottom right. Like many other contemporary plans of London, this one is derivative of Hollar's posthumously published map of 1685.
=500  \\$aScale with dividers and imprint of Henry Overton lower left.
=500  \\$aCoat of arms of the City of London upper left.
=500  \\$aIncludes index to churches and major buildings upper right.
=500  \\$aProminent buildings shown in elevation.
=500  \\$aLargely based on A new of the cittyes of London and Westminster with the borough of Southwark & all the suburbs ... by Hollar from ca. 1685.
=510  4\$aCrace, John Gregory, A catalogue of maps, plans and views of London, Westminster and Southwark collected and arranged by Frederick Crace (1878),$cno. 78, pp. 14-15
=510  4\$aHowgego, James. Printed maps of London,$bcirca 1553 - 1850,$cno. 53, p. 75
=651  \0$aLondon (England)$vMaps$vEarly works to 1800.
=655  \7$aEarly maps.$2fast$0(OCoLC)fst01752681
=700  1\$aCrace, Frederick,$d1779-1859,$eformer owner.
=700  1\$aCrace, John Gregory,$d1809-1889,$edonor.
=700  1\$aOverton, Henry,$d1675 or 1676-1751.
=852  41$aBritish Library$bMAPS$jMaps Crace Port. 2.78
=856  41$3Copy at Maps Crace Port. 2.78$uhttp://www.bl.uk/onlinegallery/onlineex/crace/a/007000000000002u00078000.html$yDigitised map
=985  \\$aUpgraded from georeferencer data 2022-12-16.
=985  \\$aRecord amended for WR# 13/070
=985  \\$aRecord amended for WR1606-1727
=985  \\$aUpdated by MS generated file for WR2302-017
=CAT  \\$a12842$b40$c20120608$lBLL01$h1434
=CAT  \\$aWR13_070$b00$c20130504$lBLL01$h0338
=CAT  \\$aWR13.117$c20130718$lBLL01$h1854
=CAT  \\$a12842$b40$c20130911$lBLL01$h1555
=CAT  \\$aW1606-1727$c20160825$lBLL01$h1743
=CAT  \\$aBATCH-UPD$b00$c20160825$lBLL01$h1746
=CAT  \\$a14185$b40$c20221218$lBLL01$h1916
=CAT  \\$a14185$b40$c20221219$lBLL01$h0848
=CAT  \\$aW2302-0174$c20230223$lBLL01$h1959
=FIN  \\$aY$d20120608
=FMT  \\$a  MP
=LAS  \\$aW2302-0174$b00$c20230223$lBLL01$h1959

