=LDR  02774cem a2200553 a 4500
=001  016100992
=003  Uk
=005  20230223161614.0
=007  aj\aanzn
=008  120608s1707\\\\enk||||||\a\\\\\0\\\eng|\
=034  1\$aa$dW0015116$eW0015754$fN0513148$gN0512934$2bound
=040  \\$aUk$beng$cUk$dUk
=042  \\$aukblsr
=082  04$a912.421$223
=100  1\$aChiswell, Richard.
=245  12$aA new map of the cityes of London, Westminster and the burrough of Southwark together with the suburbs as they are now standing, anno dom. 1707.
=255  \\$aScale not determined$c(W 1°51'16"--W 1°57'54"/N 51°31'48"--N 51°29'34").
=260  \\$a[London] :$bPrinted for R. Chiswell, A&J. Churchill, Tho. Horne, J. Nicholson and R. Knaplock,$c1707.
=300  \\$a1 map ;$c32 x 58 cm
=336  \\$acartographic image$2rdacontent
=337  \\$aunmediated$2rdamedia
=338  \\$asheet$2rdacarrier
=500  \\$aThis title of this map of London appears along the top, with the city arms at top left and the publisher's name in cartouche at top right. The map appeared in Volume I of 'A New View of London', by Edward Hutton.
=500  \\$aFrom A New View of London; or an ample account of that city in two volumes, or eight sections by E. Hatton, vol. I, 1708.
=500  \\$aCartouche with coat of arms of the City of London upper left.
=510  4\$aCrace, John Gregory, A catalogue of maps, plans and views of London, Westminster and Southwark collected and arranged by Frederick Crace (1878),$cno. 79, p. 15
=510  4\$aHowgego, James. Printed maps of London,$bcirca 1553 - 1850,$cno. 55, p. 76
=651  \0$aLondon (England)$vMaps$vEarly works to 1800.
=655  \7$aEarly maps.$2fast$0(OCoLC)fst01752681
=700  1\$aCrace, Frederick,$d1779-1859,$eformer owner.
=700  1\$aCrace, John Gregory,$d1809-1889,$edonor.
=700  1\$aHatton, Edward,$d1664?-
=852  41$aBritish Library$bMAPS$jMaps Crace Port. 2.79
=856  41$3Copy at Maps Crace Port. 2.79$uhttp://www.bl.uk/onlinegallery/onlineex/crace/a/007000000000002u00079000.html$yDigitised map
=985  \\$aUpgraded from georeferencer data 2022-12-16.
=985  \\$aRecord amended for WR# 13/070
=985  \\$aRecord amended for WR1606-1727
=985  \\$aUpdated by MS generated file for WR2302-017
=CAT  \\$a12842$b40$c20120608$lBLL01$h1510
=CAT  \\$aWR13_070$b00$c20130504$lBLL01$h0338
=CAT  \\$aWR13.117$c20130718$lBLL01$h1854
=CAT  \\$a12842$b40$c20130911$lBLL01$h1557
=CAT  \\$aW1606-1727$c20160825$lBLL01$h1743
=CAT  \\$a14185$b40$c20221218$lBLL01$h1916
=CAT  \\$a14185$b40$c20221219$lBLL01$h0848
=CAT  \\$aW2302-0174$c20230223$lBLL01$h1959
=FIN  \\$aY$d20120608
=FMT  \\$a  MP
=LAS  \\$aW2302-0174$b00$c20230223$lBLL01$h1959

