=LDR  03311cem a2200589 a 4500
=001  016101526
=003  Uk
=005  20230223161614.0
=007  aj\aanzn
=008  120611s1720\\\\enk||||||\a\\\\\0\\\eng|\
=034  1\$aa$b12100$dW0015026$eW0015628$fN0513151$gN0512926$2bound
=040  \\$aUk$beng$cUk$dUk
=042  \\$aukblsr
=082  04$a912.421$223
=100  1\$aParker, Samuel,$dfl. 1715-1728,$eengraver.
=245  12$aA plan of the city's of London, Westminster and borough of Southwark :$bwith the new additonal buildings anno 1720 /$cS. Parker delin. et sculpt. ; revised by Ion. Senex.
=255  \\$aScale approximately 1:12,100$c(W 1°50'26"--W 1°56'28"/N 51°31'51"--N 51°29'26").
=260  \\$a[London] :$bPrinted for Daniel Browne [and 8 others],$c1720.
=300  \\$a1 map ;$c37 x 60 cm
=336  \\$acartographic image$2rdacontent
=337  \\$aunmediated$2rdamedia
=338  \\$asheet$2rdacarrier
=500  \\$aThis map appeared in "A New General Atlas Containing a Geographical and Historical Account of the World", published by Daniel Browne et al. in 1721. Its title runs along the top, with dedication to Sir Peter Delme, Knight and Alderman, in cartouche at top left. The city arms and insignia, compass rose and scale bar feature at the foot of the plate. Reference tables to places in Westminster, London and Southwark appear in panels below the plan.
=500  \\$aIncludes dedication to Sir Peter Delme, Knight and alderman, in cartouche with City arms and insignia, pennons, cornucopiae etc. top left.
=500  \\$aBelow the map reference table to to streets, churches and public buildings.
=510  4\$aCrace, John Gregory, A catalogue of maps, plans and views of London, Westminster and Southwark collected and arranged by Frederick Crace (1878),$cno. 81, p. 15
=510  4\$aHowgego, James. Printed maps of London,$bcirca 1553 - 1850,$cno. 65, p. 81
=510  4\$aWorms, Laurence, Baynton-Williams, Ashley. British Map Engravers. A dictionary of engravers, lithographers and their principal employers,$bto 1850,$cpp. 513-514
=651  \0$aLondon (England)$vMaps$vEarly works to 1800.
=655  \7$aEarly maps.$2fast$0(OCoLC)fst01752681
=700  1\$aCrace, Frederick,$d1779-1859,$eformer owner.
=700  1\$aCrace, John Gregory,$d1809-1889,$edonor.
=700  1\$aSenex, John,$d-1740.
=852  41$aBritish Library$bMAPS$jMaps Crace Port. 2.81
=856  41$3Copy at Maps Crace Port. 2.81$uhttp://www.bl.uk/onlinegallery/onlineex/crace/p/007000000000002u00081000.html$yDigitised map
=985  \\$aUpgraded from georeferencer data 2022-12-16.
=985  \\$a100 NEW
=985  \\$aRecord amended for WR# 13/070
=985  \\$aRecord amended for WR1606-1727
=985  \\$aUpdated by MS generated file for WR2302-017
=CAT  \\$a12842$b40$c20120611$lBLL01$h1239
=CAT  \\$aWR13_070$b00$c20130504$lBLL01$h0338
=CAT  \\$aWR13_070C$c20130611$lBLL01$h1859
=CAT  \\$aWR13.117$c20130718$lBLL01$h1854
=CAT  \\$a12842$b40$c20130911$lBLL01$h1609
=CAT  \\$aW1606-1727$c20160825$lBLL01$h1743
=CAT  \\$a14185$b40$c20221218$lBLL01$h1916
=CAT  \\$a14185$b40$c20221219$lBLL01$h0903
=CAT  \\$aW2302-0174$c20230223$lBLL01$h1959
=FIN  \\$aY$d20120611
=FMT  \\$a  MP
=LAS  \\$aW2302-0174$b00$c20230223$lBLL01$h1959

