=LDR  03728cem a2200649 a 4500
=001  016101730
=003  Uk
=005  20230223161614.0
=007  aj\aanzn
=008  120611s1720\\\\enk||||||\a\\\\\0\\\eng|\
=034  1\$aa$b7150$dW0015043$eW0015625$fN0513139$gN0512935$2bound
=040  \\$aUk$beng$cUk$dUk
=042  \\$aukblsr
=082  04$a912.421$223
=100  1\$aTaylor, Thomas,$dactive 1670-1730.
=245  12$aA new mapp of the city of London &c. :$bwith the many additional buildings and new streets anno 1721 in a planyne method for easy finding any street at first view.
=255  \\$aScale approximately 1:7,150$c(W 1°50'43"--W 1°56'25"/N 51°31'39"--N 51°29'35").
=260  \\$a[London] :$bprinted and sold by Thomas Taylor att the Golden Lyon in Fleet Street,$c1720.
=300  \\$a1 map ;$c57 x 104 cm
=336  \\$acartographic image$2rdacontent
=337  \\$aunmediated$2rdamedia
=338  \\$asheet$2rdacarrier
=500  \\$aThis is a later edition of a map first published in 1716. The title appears along the top, with a key to churches at top left, alongside coats of arms representing the City and the twelve Great Livery Companies. The key to individual city wards appears at top right. At bottom left are a compass rose, scale bar and the key to public buildings. Rates of hackney coaches and water ferries appear in a table at bottom centre. The map is similar to Overton's map of 1706, showing St. Paul's and other prominent buildings pictorially.
=500  \\$a2nd ed.; first published in 1716, later editions 1723 and 1745.
=500  \\$aProbably based on A new mapp of the citty of London much inlarged since the Great Fire in 1666 ... by J. Overton published in 1706.
=500  \\$aDate in title altered to 1721.
=500  \\$aCoat of arms of the City with supporters and arms of the twelve City livery companies upper left.
=500  \\$aProminent buildings shown pictorially. Includes reference table to wards, public buildings and churches.
=500  \\$aList of rates of hackney coaches and watermen bottom centre.
=510  4\$aCrace, John Gregory, A catalogue of maps, plans and views of London, Westminster and Southwark collected and arranged by Frederick Crace (1878),$cno. 82, pp. 15-16
=510  4\$aHowgego, James. Printed maps of London,$bcirca 1553 - 1850,$cno. 62 (2), pp. 78-79
=510  4\$aScott, Valerie. Tooley's dictionary of mapmakers Q-Z (2004),$bp. 255
=651  \0$aLondon (England)$vMaps$vEarly works to 1800.
=655  \7$aEarly maps.$2fast$0(OCoLC)fst01752681
=700  1\$aCrace, Frederick,$d1779-1859,$eformer owner.
=700  1\$aCrace, John Gregory,$d1809-1889,$edonor.
=852  41$aBritish Library$bMAPS$jMaps Crace Port. 2.82
=856  41$3Copy at Maps Crace Port. 2.82$uhttp://www.bl.uk/onlinegallery/onlineex/crace/a/007000000000002u00082000.html$yDigitised map
=985  \\$aUpgraded from georeferencer data 2022-12-16.
=985  \\$a100 NEW
=985  \\$aRecord amended for WR# 13/070
=985  \\$aRecord amended for WR1606-1727
=985  \\$aUpdated by MS generated file for WR2302-017
=CAT  \\$a12842$b40$c20120611$lBLL01$h1525
=CAT  \\$a12842$b40$c20120614$lBLL01$h1627
=CAT  \\$a12842$b40$c20120621$lBLL01$h1145
=CAT  \\$aWR13_070$b00$c20130504$lBLL01$h0338
=CAT  \\$aWR13_070C$c20130611$lBLL01$h1859
=CAT  \\$aWR13.117$c20130718$lBLL01$h1854
=CAT  \\$a12842$b40$c20130911$lBLL01$h1619
=CAT  \\$aW1606-1727$c20160825$lBLL01$h1743
=CAT  \\$a14185$b40$c20221218$lBLL01$h1916
=CAT  \\$a14185$b40$c20221219$lBLL01$h0921
=CAT  \\$aW2302-0174$c20230223$lBLL01$h1959
=FIN  \\$aY$d20120611
=FMT  \\$a  MP
=LAS  \\$aW2302-0174$b00$c20230223$lBLL01$h1959

