=LDR  03108cem a2200577 a 4500
=001  016101755
=003  Uk
=005  20230223161615.0
=007  aj\aanzn
=008  120611s1720\\\\enk||||||\a\\\\\0\\\eng|\
=034  1\$aa$dW0015037$eW0015332$fN0513129$gN0512932$2bound
=040  \\$aUk$beng$cUk$dUk
=042  \\$aukblsr
=082  04$a912.421$223
=100  1\$aOverton, Henry,$d1675 or 1676-1751.
=245  12$aA new and exact plan of the city of London and suburbs :$bthereof, with the addition of the new buildings, churches &c. to this present year 1720, (not extant in any other).
=255  \\$aScale not given$c(W 1°50'37"--W 1°53'32"/N 51°31'29"--N 51°29'32").
=260  \\$a[London] :$bPrinted and sold by Hen. Overton at the White Horse without Newgate,$c1720.
=300  \\$a1 map ;$c58 x 48 cm
=336  \\$acartographic image$2rdacontent
=337  \\$aunmediated$2rdamedia
=338  \\$asheet$2rdacarrier
=500  \\$aLater editions published in 1724, 1730, 1731 and 1739.
=500  \\$aList of hackney coaches rates bottom left.
=500  \\$aImperfect; the Western portion only.
=510  4\$aCrace, John Gregory, A catalogue of maps, plans and views of London, Westminster and Southwark collected and arranged by Frederick Crace (1878),$cno. 83, p. 13
=510  4\$aHowgego, James. Printed maps of London,$bcirca 1553 - 1850,$cno. 64 (1), pp. 80-81
=520  \\$aThis map of the West End of London is part of Henry Overton's complete map of London and its suburbs, published in 1720. The title and publisher's imprint appear in cartouche in the centre, with fares of hackney coaches and an overall key at bottom left. The compass rose appears in the river, with parish boundaries outlined in colour. Henry Overton took over his father John's publishing business in 1707 and continued to publish maps from the same address at White Horse near Newgate.
=651  \0$aLondon (England)$vMaps$vEarly works to 1800.
=655  \7$aEarly maps.$2fast$0(OCoLC)fst01752681
=700  1\$aCrace, Frederick,$d1779-1859,$eformer owner.
=700  1\$aCrace, John Gregory,$d1809-1889,$edonor.
=700  1\$aNicholls, Sutton,$eengraver.
=852  41$aBritish Library$bMAPS$jMaps Crace Port. 2.83
=856  41$3Copy at Maps Crace Port. 2.83$uhttp://www.bl.uk/onlinegallery/onlineex/crace/a/007000000000002u00083000.html$yDigitised map
=985  \\$aUpgraded from BL georeferencer data 2022-11-17.
=985  \\$aRecord amended for WR# 13/070
=985  \\$aRecord amended for WR1606-1727
=985  \\$aUpdated by MS generated file for WR2302-017
=CAT  \\$a12842$b40$c20120611$lBLL01$h1548
=CAT  \\$a12842$b40$c20120613$lBLL01$h1511
=CAT  \\$aWR13_070$b00$c20130504$lBLL01$h0338
=CAT  \\$aWR13.117$c20130718$lBLL01$h1854
=CAT  \\$a12842$b40$c20130911$lBLL01$h1621
=CAT  \\$aW1606-1727$c20160825$lBLL01$h1743
=CAT  \\$a14185$b40$c20221201$lBLL01$h1156
=CAT  \\$a14185$b40$c20221202$lBLL01$h1329
=CAT  \\$aW2302-0174$c20230223$lBLL01$h1959
=FIN  \\$aY$d20120611
=FMT  \\$a  MP
=LAS  \\$aW2302-0174$b00$c20230223$lBLL01$h1959

