=LDR  03793cem a2200625 a 4500
=001  016101788
=003  Uk
=005  20230223161615.0
=007  aj\aanzn
=008  120611s1724\\\\enk||||||\a\\\\\0\\\eng|\
=034  1\$aa$dW0015057$eW0015647$fN0513142$gN0512937$2bound
=040  \\$aUk$beng$cUk$dUk
=042  \\$aukblsr
=082  04$a912.421$223
=100  1\$aSmith, Joseph,$dactive 1697-1732.
=245  12$aA new and exact plan of the citties of London & Westminster, and the borough of Southwark :$bwith all ye additional new buildings to ye present year 1724.
=255  \\$aScale not determined$c(W 1°50'57"--W 1°56'47"/N 51°31'42"--N 51°29'37").
=260  \\$a[London] :$bprinted for & sold by I. Smith print & map seller next ye Fountain Tavern in ye Strand,$c1724.
=300  \\$a1 map ;$c59 x 98 cm
=336  \\$acartographic image$2rdacontent
=337  \\$aunmediated$2rdamedia
=338  \\$asheet$2rdacarrier
=500  \\$aThe title of this map of London appears in cartouche at middle right, with compass rose at top right, and a key to buildings at bottom right. A historical note appears at bottom centre along with a scale bar, the fares of hackney coaches and water ferries, and illustrations of oars and sculls. This map is divided into squares with numbers along borders for reference.
=500  \\$aLater edition with date in title altered to 1725 appears in J. Smith's Nouveau Theatre de la Grande Bretagne, vol. III, the title page of which bears the date 1724.
=500  \\$aMap divided into squares and borders numbered for reference.
=500  \\$aIncludes panels with historical description of London, list of wards, reference table to identify numbered landmarks and waterman's and hackney coach fares.
=500  \\$aIn cartouche below the title: Note the line mark't thus ... (in ye map) encompassess ye City of London &c. as it was in Q. Elizabeth's Reign by which the vast increase of ye buildings since that time may be nearly estimated.
=510  4\$aCrace, John Gregory, A catalogue of maps, plans and views of London, Westminster and Southwark collected and arranged by Frederick Crace (1878),$cno. 84, p. 16
=510  4\$aHowgego, James. Printed maps of London,$bcirca 1553 - 1850,$cno. 71 (1), pp. 84-85
=510  4\$aScott, Valerie. Tooley's dictionary of mapmakers Q-Z (2004),$bp. 178
=510  4\$aWorms, Laurence, Baynton-Williams, Ashley. British Map Engravers. A dictionary of engravers, lithographers and their principal employers,$bto 1850,$cpp. 617-618
=651  \0$aLondon (England)$vMaps$vEarly works to 1800.
=655  \7$aEarly maps.$2fast$0(OCoLC)fst01752681
=700  1\$aCrace, Frederick,$d1779-1859,$eformer owner.
=700  1\$aCrace, John Gregory,$d1809-1889,$edonor.
=852  41$aBritish Library$bMAPS$jMaps Crace Port. 2.84
=856  41$3Copy at Maps Crace Port. 2.84$uhttp://www.bl.uk/onlinegallery/onlineex/crace/a/007000000000002u00084000.html$yDigitised map
=985  \\$aUpgraded from georeferencer data 2022-12-16.
=985  \\$aRecord amended for WR# 13/070
=985  \\$aRecord amended for WR1606-1727
=985  \\$aUpdated by MS generated file for WR2302-017
=CAT  \\$a12842$b40$c20120611$lBLL01$h1700
=CAT  \\$a12842$b40$c20120611$lBLL01$h1711
=CAT  \\$aWR13_070$b00$c20130504$lBLL01$h0338
=CAT  \\$aWR13_070C$c20130611$lBLL01$h1859
=CAT  \\$aWR13.117$c20130718$lBLL01$h1854
=CAT  \\$a12842$b40$c20130911$lBLL01$h1623
=CAT  \\$a7416$b40$c20140319$lBLL01$h1454
=CAT  \\$aW1606-1727$c20160825$lBLL01$h1743
=CAT  \\$a14185$b40$c20221218$lBLL01$h1916
=CAT  \\$a14185$b40$c20221219$lBLL01$h0926
=CAT  \\$aW2302-0174$c20230223$lBLL01$h1959
=FIN  \\$aY$d20120611
=FMT  \\$a  MP
=LAS  \\$aW2302-0174$b00$c20230223$lBLL01$h1959

