=LDR  03091cem a2200565 a 4500
=001  016101795
=003  Uk
=005  20230223161615.0
=007  aj\aanzn
=008  120611q1720\\\\enk||||||\a\\\\\0\\\eng|\
=034  1\$aa$dW0015042$eW0015758$fN0513200$gN0512936$2bound
=040  \\$aUk$beng$cUk$dUk
=042  \\$aukblsr
=082  04$a912.421$223
=100  1\$aStrype, John,$d1643-1737.
=245  12$aA new plan of the city of London, Westminster and Southwark.
=255  \\$aScale not determined$c(W 1°50'42"--W 1°57'58"/N 51°32'00"--N 51°29'36").
=260  \\$a[London,$c1720]
=300  \\$a1 map ;$c50 x 69 cm
=336  \\$acartographic image$2rdacontent
=337  \\$aunmediated$2rdamedia
=338  \\$asheet$2rdacarrier
=500  \\$aThis map of London, Westminster and Southwark was published in John Strype's 1720 ''Survey of the Cities of London and Westminster''. The map's title is at top centre in ornamental cartouche, surrounded by cherubs, fruits and mythological figures. Dedication to Sir George Thorold, Lord Mayor of London appears at top right, facing the city arms at top left. A compass star is depicted at middle right and a scale bar at bottom right.
=500  \\$aIncludes dedication to Sir George Thorold, Lord Mayor 1719-20 in ornamental cartouche with his arms, City insignia, putti, fruit etc. top right.
=500  \\$aFrom J. Stow's A Survey Of The Cities Of London And Westminster ... published by J. Strype in 1720.
=500  \\$aCoat of arms of City of London with supporters in cartouche with putti and swags of flowers and fruit top left.
=500  \\$aMonuments and prominent buildings shown pictorially.
=510  4\$aCrace, John Gregory, A catalogue of maps, plans and views of London, Westminster and Southwark collected and arranged by Frederick Crace (1878),$cno. 85, p. 16-17
=510  4\$aHowgego, James. Printed maps of London,$bcirca 1553 - 1850,$cno. 66, pp. 81-82
=510  4\$aScott, Valerie. Tooley's dictionary of mapmakers Q-Z (2004),$bpp. 227-229
=651  \0$aLondon (England)$vMaps$vEarly works to 1800.
=655  \7$aEarly maps.$2fast$0(OCoLC)fst01752681
=700  1\$aCrace, Frederick,$d1779-1859,$eformer owner.
=700  1\$aCrace, John Gregory,$d1809-1889,$edonor.
=700  1\$aStow, John,$d1525?-1605.
=852  41$aBritish Library$bMAPS$jMaps Crace Port. 2.85
=856  41$3Copy at Maps Crace Port. 2.85$uhttp://www.bl.uk/onlinegallery/onlineex/crace/a/007000000000002u00085000.html$yDigitised map
=985  \\$aUpgraded from georeferencer data 2022-12-16.
=985  \\$aRecord amended for WR1606-1727
=985  \\$aUpdated by MS generated file for WR2302-017
=CAT  \\$a12842$b40$c20120611$lBLL01$h1744
=CAT  \\$aWR13.117$c20130718$lBLL01$h1854
=CAT  \\$a12842$b40$c20130911$lBLL01$h1626
=CAT  \\$aW1606-1727$c20160825$lBLL01$h1743
=CAT  \\$a14185$b40$c20221218$lBLL01$h1915
=CAT  \\$a14185$b40$c20221219$lBLL01$h0858
=CAT  \\$aW2302-0174$c20230223$lBLL01$h1959
=FIN  \\$aY$d20120611
=FMT  \\$a  MP
=LAS  \\$aW2302-0174$b00$c20230223$lBLL01$h1959

