=LDR  03485cem a2200601 a 4500
=001  016102200
=003  Uk
=005  20230223161615.0
=007  aj\aanzn
=008  120612s1725\\\\enk||||||\a\\\\\0\\\eng|\
=034  1\$aa$dW0015051$eW0015551$fN0513146$gN0512934$2bound
=040  \\$aUk$beng$cUk$dUk
=042  \\$aukblsr
=082  04$a912.421$223
=100  1\$aBowles, Thomas,$d-1767,$eengraver.
=245  12$aA pocket map of the citties of London, Westminster, & Southwark :$bwith the addition of the new buildings to this present year 1725 /$cTho. Bowles sculp.
=255  \\$aScale not determined$c(W 1°50'51"--W 1°55'51"/N 51°31'46"--N 51°29'34").
=260  \\$aLondon :$bsold by John Bowles at his shop over against Stocksmarkt and at his Warehouse at Mercers Hall in Cheapside,$c1725.
=300  \\$a1 map ;$c37 x 57 cm
=336  \\$acartographic image$2rdacontent
=337  \\$aunmediated$2rdamedia
=338  \\$asheet$2rdacarrier
=500  \\$aThe title of this pocket map of London, Westminster and Southwark appears in cartouche at bottom centre alongside the city arms. A compass star is depicted in the river with a publisher's imprint (in scroll) at bottom left. An engraver by trade, Thomas Bowles acquired the stock of cartographers Morden & Lea at the beginning of the 18th century, starting a successful publishing house, the output of which was almost entirely derivative. Bowles' brother, John, was also a print seller and publisher. Their businesses were separate, but the two often worked together.
=500  \\$aLater edition with date in title altered to 1727.
=500  \\$aTitle in cartouche with City arms bottom centre.
=500  \\$aProminent buildings shown pictorially.
=510  4\$aCrace, John Gregory, A catalogue of maps, plans and views of London, Westminster and Southwark collected and arranged by Frederick Crace (1878),$cno. 86, p. 17
=510  4\$aHowgego, James. Printed maps of London,$bcirca 1553 - 1850,$cno. 72 (1), p. 85
=510  4\$aWorms, Laurence, Baynton-Williams, Ashley. British Map Engravers. A dictionary of engravers, lithographers and their principal employers,$bto 1850,$cpp. 102-104
=585  \\$aCopy at Maps Crace Port. 2.86. Exhibited: "Picturing Places" (online), 20 April 2017-.$5Uk
=651  \0$aLondon (England)$vMaps$vEarly works to 1800.
=655  \7$aEarly maps.$2fast$0(OCoLC)fst01752681
=700  1\$aCrace, Frederick,$d1779-1859,$eformer owner.
=700  1\$aCrace, John Gregory,$d1809-1889,$edonor.
=700  1\$aBowles, John,$d1701-1779.
=852  41$aBritish Library$bMAPS$jMaps Crace Port. 2.86
=856  41$3Copy at Maps Crace Port. 2.86$uhttp://www.bl.uk/onlinegallery/onlineex/crace/a/007000000000002u00086000.html$yDigitised map
=985  \\$aUpgraded from georeferencer data 2022-12-16.
=985  \\$aRecord amended for WR# 13/070
=985  \\$aRecord amended for WR1606-1727
=985  \\$aUpdated by MS generated file for WR2302-017
=CAT  \\$a12842$b40$c20120612$lBLL01$h1151
=CAT  \\$aWR13_070$b00$c20130504$lBLL01$h0338
=CAT  \\$aWR13.117$c20130718$lBLL01$h1854
=CAT  \\$a12842$b40$c20130911$lBLL01$h1627
=CAT  \\$aW1606-1727$c20160825$lBLL01$h1743
=CAT  \\$a8250$b40$c20190531$lBLL01$h1100
=CAT  \\$a14185$b40$c20221218$lBLL01$h1915
=CAT  \\$a14185$b40$c20221219$lBLL01$h0925
=CAT  \\$aW2302-0174$c20230223$lBLL01$h1959
=FIN  \\$aY$d20120612
=FMT  \\$a  MP
=LAS  \\$aW2302-0174$b00$c20230223$lBLL01$h1959

