=LDR  03304cem a2200565 a 4500
=001  016102372
=003  Uk
=005  20230223161615.0
=007  aj\aanzn
=008  120612q1728\\\\enk||||||\a\\\\\0\\\eng|\
=034  1\$aa$dW0015116$eW0015738$fN0513204$gN0512904$2bound
=040  \\$aUk$beng$cUk$dUk
=042  \\$aukblsr
=082  04$a912.421$223
=100  1\$aOliver, John,$d1616-1701.
=245  12$aA mapp of the cityes of London & Westminster & burrough of Southwark :$bwith their suburbs and the addition of the new buildings /$cJohn Oliver fecit.
=255  \\$aScale not determined$c(W 1°51'16"--W 1°57'38"/N 51°32'04"--N 51°29'04").
=260  \\$aLondon :$bsold by Iohn Bowles at the Black Horse in Cornhill,$c[ca. 1728]
=300  \\$a1 map ;$c44 x 57 cm
=336  \\$acartographic image$2rdacontent
=337  \\$aunmediated$2rdamedia
=338  \\$asheet$2rdacarrier
=500  \\$aThe title of this map of London, Westminster and Southwark appears along the top, with a reference table (flanked by sword and mace-bearer) at top left, a figure of Mercury (with the city arms on his shield) at top centre, and a second reference table below city arms at top right. The key to places in Southwark appear in a table at St. George's Fields, with compass star and scale bar at bottom centre and an allegorical figure of Father Thames at bottom right. John Oliver first issued this map in 1680.This is a later edition published and sold by John Bowles from his shop at the Black Horse in Cornhill.
=500  \\$aFirst published in ca. 1680 by J. Seller; later editions ca. 1690 and 1726.
=500  \\$aIncludes reference tables to identify numbered landmarks upper left, upper right and lower centre of plate.
=500  \\$aMercury, with City arms on his shield and putti, globes, maps, trophies etc. upper centre.
=500  \\$aCoat of arms of City of London with supporters top right.
=500  \\$aProminent buildings shown pictorially.
=510  4\$aCrace, John Gregory, A catalogue of maps, plans and views of London, Westminster and Southwark collected and arranged by Frederick Crace (1878),$cno. 87, p. 17
=510  4\$aHowgego, James. Printed maps of London,$bcirca 1553 - 1850,$cno. 31 (3), pp. 61-62
=651  \0$aLondon (England)$vMaps$vEarly works to 1800.
=655  \7$aEarly maps.$2fast$0(OCoLC)fst01752681
=700  1\$aCrace, Frederick,$d1779-1859,$eformer owner.
=700  1\$aCrace, John Gregory,$d1809-1889,$edonor.
=700  1\$aBowles, John,$d1701-1779.
=852  41$aBritish Library$bMAPS$jMaps Crace Port. 2.87
=856  41$3Copy at Maps Crace Port. 2.87$uhttp://www.bl.uk/onlinegallery/onlineex/crace/a/007000000000002u00087000.html$yDigitised map
=985  \\$aUpgraded from georeferencer data 2022-12-16.
=985  \\$aRecord amended for WR1606-1727
=985  \\$aUpdated by MS generated file for WR2302-017
=CAT  \\$a12842$b40$c20120612$lBLL01$h1453
=CAT  \\$aWR13.117$c20130718$lBLL01$h1854
=CAT  \\$a12842$b40$c20130911$lBLL01$h1628
=CAT  \\$aW1606-1727$c20160825$lBLL01$h1743
=CAT  \\$a14185$b40$c20221218$lBLL01$h1915
=CAT  \\$a14185$b40$c20221219$lBLL01$h0926
=CAT  \\$aW2302-0174$c20230223$lBLL01$h1959
=FIN  \\$aY$d20120612
=FMT  \\$a  MP
=LAS  \\$aW2302-0174$b00$c20230223$lBLL01$h1959

