=LDR  03830cem a2200661 a 4500
=001  016102408
=003  Uk
=005  20230223161615.0
=007  aj\aanzn
=008  120612q1765\\\\ne\||||||\a\\\\\0\\\eng|\
=034  1\$aa$b8400$dW0015052$eW0015815$fN0513205$gN0512928$2bound
=040  \\$aUk$beng$cUk$dUk
=041  0\$aeng$afre
=042  \\$aukblsr
=082  04$a912.421$223
=100  1\$aMorden, Robert,$dapproximately 1650-1703.
=245  10$aThis actual survey of London, Westminster, Southwark is humbly dedicated to ye Ld Mayor & court of Aldermen.
=246  11$aPlan de la Ville de Londres, Westmunster & Southwark; dedié aux tres nobles Seigneurs le Lord Maire & Conseillers de la Ville
=255  \\$aScale approximately 1:8400$c(W 1°50'52"--W 1°58'15"/N 51°32'05"--N 51°29'28").
=260  \\$aA Amsterdam :$bChez Iean Covens et Corneille Mortier. Libraires et Marchands des Cartes,$c[ca. 1765]
=300  \\$a1 map ;$c55 x 98 cm
=336  \\$acartographic image$2rdacontent
=337  \\$aunmediated$2rdamedia
=338  \\$asheet$2rdacarrier
=500  \\$aThis map is a reissue of a 1690 plan. It features the title in a banner along the top with a compass rose and the city arms. The key to public offices, wards, parishes, halls and companies appear in tables at the bottom and lower right. Prominent buildings shown in elevation. This updated edition includes the Cavendish Square development, which began in 1717. Covens & Mortier was a successful publishing business, including in its output re-issues of general atlases by Jaillot, Delisle, Vichsscher and de Wit, whose stock they had acquired.
=500  \\$aThis is a reissue of a 1690 map published by Morden and Lea. Other editions published in 1700, ca. 1710, ca. 1725 and ca. 1765 (this state).
=500  \\$aBlackfriars and Westminster bridges shown.
=500  \\$aAt bottom portion of plate index to public offices, wards, parishes within the city walls, which numbered 97 before the Great Fire and 62 after, halls, companies, markets, prisons, and hospitals.
=500  \\$aProminent buildings shown in elevation.
=500  \\$aCoat of arms of the City of London on shield top centre.
=510  4\$aCrace, John Gregory, A catalogue of maps, plans and views of London, Westminster and Southwark collected and arranged by Frederick Crace (1878),$cno. 88, p. 17
=510  4\$aHowgego, James. Printed maps of London,$bcirca 1553 - 1850,$cno. 42 (5), p. 68
=651  \0$aLondon (England)$vMaps$vEarly works to 1800.
=655  \7$aEarly maps.$2fast$0(OCoLC)fst01752681
=700  1\$aCrace, Frederick,$d1779-1859,$eformer owner.
=700  1\$aCrace, John Gregory,$d1809-1889,$edonor.
=700  1\$aLea, Philip,$dactive 1683-1700.
=710  1\$aCovens & Mortier (Firm),$epublisher.
=852  41$aBritish Library$bMAPS$jMaps Crace Port. 3.88
=856  41$3Copy at Maps Crace Port. 3.88$uhttp://www.bl.uk/onlinegallery/onlineex/crace/t/007000000000003u00088000.html$yDigitised map
=985  \\$aUpgraded from georeferencer data 2022-12-16.
=985  \\$aRecord amended for WR# 13/070
=985  \\$aRecord amended for WR1606-1727
=985  \\$aUpdated by MS generated file for WR2302-017
=CAT  \\$a12842$b40$c20120612$lBLL01$h1614
=CAT  \\$a12842$b40$c20120612$lBLL01$h1624
=CAT  \\$a12842$b40$c20120612$lBLL01$h1640
=CAT  \\$aWR13_070$b00$c20130504$lBLL01$h0338
=CAT  \\$aWR13.117$c20130718$lBLL01$h1854
=CAT  \\$a12842$b40$c20130911$lBLL01$h1631
=CAT  \\$aBATCH-UPD$b40$c20140523$lBLL01$h2118
=CAT  \\$aW1606-1727$c20160825$lBLL01$h1742
=CAT  \\$a14185$b40$c20221218$lBLL01$h1915
=CAT  \\$a14185$b40$c20221219$lBLL01$h0902
=CAT  \\$aW2302-0174$c20230223$lBLL01$h1959
=FIN  \\$aY$d20120612
=FMT  \\$a  MP
=LAS  \\$aW2302-0174$b00$c20230223$lBLL01$h1959

