=LDR  02720cem a2200517 a 4500
=001  016103978
=003  Uk
=005  20230223161616.0
=007  aj\aanzn
=008  120613s1733\\\\enk||||||\a\\\\\0\\\eng|\
=034  1\$aa$dW0015039$eW0015645$fN0513150$gN0512933$2bound
=040  \\$aUk$beng$cUk$dUk
=042  \\$aukblsr
=082  04$a912.421$223
=100  1\$aMottley, John,$d1692-1750.
=245  12$aA map of London, Westminster and Southwark :$bwith ye new buildings to ye year 1733.
=255  \\$aScale not determined$c(W 1°50'39"--W 1°56'45"/N 51°31'50"--N 51°29'33").
=260  \\$a[London],$c1733.
=300  \\$a1 map ;$c26 x 48 cm
=336  \\$acartographic image$2rdacontent
=337  \\$aunmediated$2rdamedia
=338  \\$asheet$2rdacarrier
=500  \\$aThis pocket map of London was published as the frontispiece to Volume I of "A Survey of the cities of London and Westminster, Borough of Southwark", by Robert Seymour. No new survey of the London area had been made between William Morgan's in 1682 and John Rocque's of 1746. The marked similarity of this map to the William Roades' 1731 pocket map is testimony to this. The title of this drawing appears in a square tablet at top left, with prominent buildings shown pictorially.
=500  \\$aFrontispiece to A Survey of the cities of London and Westminster, Borough of Southwark by R. Seymour.
=510  4\$aCrace, John Gregory, A catalogue of maps, plans and views of London, Westminster and Southwark collected and arranged by Frederick Crace (1878),$cno. 91, p. 18
=510  4\$aHowgego, James. Printed maps of London,$bcirca 1553 - 1850,$cno. 78, pp. 87-88
=651  \0$aLondon (England)$vMaps$vEarly works to 1800.
=655  \7$aEarly maps.$2fast$0(OCoLC)fst01752681
=700  1\$aCrace, Frederick,$d1779-1859,$eformer owner.
=700  1\$aCrace, John Gregory,$d1809-1889,$edonor.
=852  41$aBritish Library$bMAPS$jMaps Crace Port. 3.91
=856  41$3Copy at Maps Crace Port. 3.91$uhttp://www.bl.uk/onlinegallery/onlineex/crace/a/007000000000003u00091000.html$yDigitised map
=985  \\$aUpgraded from georeferencer data 2022-12-16.
=985  \\$aRecord amended for WR1606-1727
=985  \\$aUpdated by MS generated file for WR2302-017
=CAT  \\$a12842$b40$c20120613$lBLL01$h1147
=CAT  \\$aWR13.117$c20130718$lBLL01$h1854
=CAT  \\$a12842$b40$c20130911$lBLL01$h1634
=CAT  \\$a6550$b40$c20160721$lBLL01$h1325
=CAT  \\$aW1606-1727$c20160825$lBLL01$h1743
=CAT  \\$a14185$b40$c20221218$lBLL01$h1915
=CAT  \\$a14185$b40$c20221219$lBLL01$h0850
=CAT  \\$aW2302-0174$c20230223$lBLL01$h1959
=FIN  \\$aY$d20120613
=FMT  \\$a  MP
=LAS  \\$aW2302-0174$b00$c20230223$lBLL01$h1959

