=LDR  03502cem a2200613 a 4500
=001  016104050
=003  Uk
=005  20230223161616.0
=007  aj\aanzn
=008  120613s1731\\\\enk||||||\a\\\\\1\\\eng|\
=034  1\$aa$dW0015041$eW0015930$fN0513152$gN0512935$2bound
=040  \\$aUk$beng$cUk$dUk
=042  \\$aukblsr
=082  04$a912.421$223
=100  1\$aBowles, Thomas,$d-1767.
=245  12$aA new & exact plan of ye city of London and suburbs :$bthereof, with the addition of the new buildings, churches &c. to this present year 1731 (not extant in any other) laid down in such a method that in an instant may be easily be found any place contain'd therein.
=255  \\$aScale not determined$c(W 1°50'41"--W 1°59'30"/N 51°31'52"--N 51°29'35").
=260  \\$a[London] :$bprinted and sold by Tho. Bowles near to the Chapter House St Pauls Church Yard,$c1731.
=300  \\$a1 map on 4 sheets :$bhand col. ;$c175 x 60 cm, sheets 66 x 50 cm
=336  \\$acartographic image$2rdacontent
=337  \\$aunmediated$2rdamedia
=338  \\$asheet$2rdacarrier
=500  \\$aFirst published in 1719; later editions 1720, 1723, 1727, 1731 (this state) and 1734.
=500  \\$aScale with dividers and imprint of John Bowles bottom centre.
=500  \\$aMap is divided into squares and borders lettered for reference. Includes index to streets and public buildings left and right margins.
=500  \\$aIncludes panels with description of London and waterman's and hackney coach fares bottom centre.
=500  \\$aSome new buildings in Westminster are shown and the map is extended East to include Stepney and the Isle of Dogs. This part of the map appears to be based on Survey of Stepney by Gascoigne, 1703.
=500  \\$aCoat of arms of the City with supporters and arms of the twelve City livery companies bottom left.
=500  \\$aProminent buildings shown pictorially.
=500  \\$aHand-colour in outline.
=510  4\$aCrace, John Gregory, A catalogue of maps, plans and views of London, Westminster and Southwark collected and arranged by Frederick Crace (1878),$cno. 92, p. 18
=510  4\$aHowgego, James. Printed maps of London,$bcirca 1553 - 1850,$cno. 63 (5), pp. 79-80
=510  4\$aWorms, Laurence, Baynton-Williams, Ashley. British Map Engravers. A dictionary of engravers, lithographers and their principal employers,$bto 1850,$cpp. 102-104
=651  \0$aLondon (England)$vMaps$vEarly works to 1800.
=655  \7$aEarly maps.$2fast$0(OCoLC)fst01752681
=700  1\$aBowles, John,$d1701-1779.
=700  1\$aCrace, Frederick,$d1779-1859,$eformer owner.
=700  1\$aCrace, John Gregory,$d1809-1889,$edonor.
=852  41$aBritish Library$bMAPS$jMaps Crace Port. 3.92
=856  41$3Copy at Maps Crace Port. 3.92$uhttp://www.bl.uk/onlinegallery/onlineex/crace/a/007000000000003u00092000.html$yDigitised map
=985  \\$aUpgraded from georeferencer data 2022-12-16.
=985  \\$aRecord amended for WR# 13/070
=985  \\$aRecord amended for WR1606-1727
=985  \\$aUpdated by MS generated file for WR2302-017
=CAT  \\$a12842$b40$c20120613$lBLL01$h1311
=CAT  \\$aWR13_070$b00$c20130504$lBLL01$h0338
=CAT  \\$aWR13.117$c20130718$lBLL01$h1854
=CAT  \\$a12842$b40$c20130911$lBLL01$h1636
=CAT  \\$aW1606-1727$c20160825$lBLL01$h1743
=CAT  \\$a14185$b40$c20221218$lBLL01$h1915
=CAT  \\$aW2302-0174$c20230223$lBLL01$h1959
=FIN  \\$aY$d20120613
=FMT  \\$a  MP
=LAS  \\$aW2302-0174$b00$c20230223$lBLL01$h1959

