=LDR  03425cem a2200601 a 4500
=001  016104170
=003  Uk
=005  20230223161616.0
=007  aj\aanzn
=008  120613s1731\\\\enk||||||\a\\\\\1\\\eng|\
=034  1\$aa$dW0015058$eW0015700$fN0513141$gN0512934$2bound
=040  \\$aUk$beng$cUk$dUk
=042  \\$aukblsr
=082  04$a912.421$223
=100  1\$aOverton, Henry,$d1675 or 1676-1751.
=245  12$aA new and exact plan of the city of London and suburbs :$bthereof, with the addition of the new buildings, churches &c. to this present year 1731, (not extant in any other) /$cingraven by Sutton Nicholls.
=255  \\$aScale not determined$c(W 1°50'58"--W 1°57'00"/N 51°31'41"--N 51°29'34").
=260  \\$a[London] :$bprinted and sold by Hen. Overton at the White Horse without Newgate,$c1731.
=300  \\$a1 map on 3 sheets :$bhand col. ;$c58 x 127 cm, sheets 68 x 50 cm
=336  \\$acartographic image$2rdacontent
=337  \\$aunmediated$2rdamedia
=338  \\$asheet$2rdacarrier
=500  \\$aThis is the third edition of Overton's map of London and the suburbs first issued in 1720. The map features title in cartouche at top left, lists of Hackney coaches and watermen's rates at bottom left and centre, City arms at bottom right and compass in river. The area within the boundaries of the City of London is stippled, with ward boundaries highlighted in colour. The map is divided in squares with letters along the margins for reference.
=500  \\$aFirst published in 1720; later editions 1724, 1730, 1731 (this state) and 1739.
=500  \\$aMap is divided into squares and borders lettered for reference. Includes index to streets and public buildings left and right margins.
=500  \\$aList of hackney coaches rates bottom left and bottom centre.
=500  \\$aPanel with text describing London centre right.
=500  \\$aCoat of arms of the City with supporters bottom right centre.
=500  \\$aBoundaries of wards coloured.
=510  4\$aCrace, John Gregory, A catalogue of maps, plans and views of London, Westminster and Southwark collected and arranged by Frederick Crace (1878),$cno. 93, p. 19
=510  4\$aHowgego, James. Printed maps of London,$bcirca 1553 - 1850,$cno. 64 (4), pp. 80-81
=651  \0$aLondon (England)$vMaps$vEarly works to 1800.
=655  \7$aEarly maps.$2fast$0(OCoLC)fst01752681
=700  1\$aCrace, Frederick,$d1779-1859,$eformer owner.
=700  1\$aCrace, John Gregory,$d1809-1889,$edonor.
=700  1\$aNicholls, Sutton,$eengraver.
=852  41$aBritish Library$bMAPS$jMaps Crace Port. 3.93
=856  41$3Copy at Maps Crace Port. 3.93$uhttp://www.bl.uk/onlinegallery/onlineex/crace/a/007000000000003u00093000.html$yDigitised map
=985  \\$aUpgraded from georeferencer data 2022-12-16.
=985  \\$aRecord amended for WR# 13/070
=985  \\$aRecord amended for WR1606-1727
=985  \\$aUpdated by MS generated file for WR2302-017
=CAT  \\$a12842$b40$c20120613$lBLL01$h1506
=CAT  \\$aWR13_070$b00$c20130504$lBLL01$h0338
=CAT  \\$aWR13.117$c20130718$lBLL01$h1854
=CAT  \\$a12842$b40$c20130911$lBLL01$h1637
=CAT  \\$aW1606-1727$c20160825$lBLL01$h1743
=CAT  \\$a14185$b40$c20221218$lBLL01$h1915
=CAT  \\$a14185$b40$c20221219$lBLL01$h0904
=CAT  \\$aW2302-0174$c20230223$lBLL01$h1959
=FIN  \\$aY$d20120613
=FMT  \\$a  MP
=LAS  \\$aW2302-0174$b00$c20230223$lBLL01$h1959

