=LDR  03337cem a2200577 a 4500
=001  016104198
=003  Uk
=005  20230223161616.0
=007  aj\aanzn
=008  120613s1735\\\\enk||||||\a\\\\\0\\\eng|\
=034  1\$aa$dW0015100$eW0015645$fN0513144$gN0512942$2bound
=040  \\$aUk$beng$cUk$dUk
=042  \\$aukblsr
=082  04$a912.421$223
=100  1\$aJefferys, Thomas,$d-1771.
=245  12$aA new and exact plan of the city's of London and Westminster, the borough of Southwark :$band additional new buildings, churches &c. to the present year 1735 laid down in such a manner, that any place may readily be found by inspection; the like no extant.
=255  \\$aScale not determined$c(W 1°51'00"--W 1°56'45"/N 51°31'44"--N 51°29'42").
=260  \\$a[London] :$bprinted and sold by Thos. Jefferys Geographer to his Royal Highness the Prince of Wales in Red Lyon Street near St. Johns Gate,$c1735.
=300  \\$a1 map ;$c70 x 119 cm
=336  \\$acartographic image$2rdacontent
=337  \\$aunmediated$2rdamedia
=338  \\$asheet$2rdacarrier
=500  \\$aThis map of London is probably based on an earlier map by William Morgan dating 1681-82. It features a title in cartouche near bottom centre, rates of coaches and ferries to the right of the title and explanatory note to the left. The map is divided in squares with margins lettered for reference and key in columns at the foot of the plate. Westminster Bridge and other prominent buildings arerepresented pictorially.
=500  \\$aAppears to be based on a map by William Morgan published in 1681-2.
=500  \\$aMap is divided into squares and borders lettered and numbered for reference. Includes alphabetical table to streets and public buildings below map.
=500  \\$aList of hackney coaches and watermen's rates bottom right.
=500  \\$aPanel with text describing history of London bottom centre.
=510  4\$aCrace, John Gregory, A catalogue of maps, plans and views of London, Westminster and Southwark collected and arranged by Frederick Crace (1878),$cno. 94, p. 19
=510  4\$aHowgego, James. Printed maps of London,$bcirca 1553 - 1850,$cno. 79, p. 88
=651  \0$aLondon (England)$vMaps$vEarly works to 1800.
=655  \7$aEarly maps.$2fast$0(OCoLC)fst01752681
=700  1\$aCrace, Frederick,$d1779-1859,$eformer owner.
=700  1\$aCrace, John Gregory,$d1809-1889,$edonor.
=852  41$aBritish Library$bMAPS$jMaps Crace Port. 3.94
=856  41$3Copy at Maps Crace Port. 3.94$uhttp://www.bl.uk/onlinegallery/onlineex/crace/a/007000000000003u00094000.html$yDigitised map
=985  \\$aUpgraded from georeferencer data 2022-12-16.
=985  \\$aRecord amended for WR# 13/070
=985  \\$aRecord amended for WR1606-1727
=985  \\$aUpdated by MS generated file for WR2302-017
=CAT  \\$a12842$b40$c20120613$lBLL01$h1543
=CAT  \\$a12842$b40$c20120621$lBLL01$h1145
=CAT  \\$aWR13_070$b00$c20130504$lBLL01$h0338
=CAT  \\$aWR13.117$c20130718$lBLL01$h1854
=CAT  \\$a12842$b40$c20130911$lBLL01$h1639
=CAT  \\$aW1606-1727$c20160825$lBLL01$h1743
=CAT  \\$a14185$b40$c20221218$lBLL01$h1915
=CAT  \\$a14185$b40$c20221219$lBLL01$h0859
=CAT  \\$aW2302-0174$c20230223$lBLL01$h1959
=FIN  \\$aY$d20120613
=FMT  \\$a  MP
=LAS  \\$aW2302-0174$b00$c20230223$lBLL01$h1959

