=LDR  03040cem a2200601 a 4500
=001  016104976
=003  Uk
=005  20230223161616.0
=007  aj\aanzn
=008  120615s1743\\\\ne\||||||\a\\\\\0\\\eng|\
=034  1\$aa$dW0015036$eW0015716$fN0513201$gN0512936$2bound
=040  \\$aUk$beng$cUk$dUk
=041  0\$aeng$adut
=042  \\$aukblsr
=082  04$a912.421$223
=100  1\$aLeth, Hendrik de,$d1703-1766.
=245  12$aA pocket map of London, Westminster and Southwark :$bwith ye new buildings to ye Jear 1739.
=246  11$aFen zak kaartje van Londen, Westmunster en Southwark met de nieuwen gebouwen sedert 1739
=255  \\$aScale not determined$c(W 1°50'36"--W 1°57'16"/N 51°32'01"--N 51°29'36").
=260  \\$aT' Amsterdam :$bby Hendrik de Leth, Jn de Wisser,$c1743.
=300  \\$a1 map ;$c29 x 50 cm
=336  \\$acartographic image$2rdacontent
=337  \\$aunmediated$2rdamedia
=338  \\$asheet$2rdacarrier
=500  \\$aThe map's title appears in English and Dutch in a panel along the top. A descriptive note features below the title, with royal arms at top left, city arms at top right and fares of hackney coaches and water ferries in a panel below the plan. The map shows the new bridge at Westminster and represents prominent buildings and landmark three-dimensionally.
=500  \\$aRoyal coat of arms upper left and City of London arms upper right.
=500  \\$aPanel with text describing London upper centre.
=500  \\$aTables of coach and waterman's fares along bottom margin.
=510  4\$aCrace, John Gregory, A catalogue of maps, plans and views of London, Westminster and Southwark collected and arranged by Frederick Crace (1878),$cno. 101, pp. 20-21
=510  4\$aHowgego, James. Printed maps of London,$bcirca 1553 - 1850,$cno. 91, p. 94
=510  4\$aScott, Valerie. Tooley's dictionary of mapmakers K-P (2003),$bpp. 124-125
=546  \\$aTitle in English and Dutch.
=651  \0$aLondon (England)$vMaps$vEarly works to 1800.
=655  \7$aEarly maps.$2fast$0(OCoLC)fst01752681
=700  1\$aCrace, Frederick,$d1779-1859,$eformer owner.
=700  1\$aCrace, John Gregory,$d1809-1889,$edonor.
=852  41$aBritish Library$bMAPS$jMaps Crace Port. 3.101
=856  41$3Copy at Maps Crace Port. 3.101$uhttp://www.bl.uk/onlinegallery/onlineex/crace/a/007zzz000000003u00101000.html$yDigitised map
=985  \\$aUpgraded from georeferencer data 2022-12-16.
=985  \\$a100 NEW
=985  \\$aRecord amended for WR1606-1727
=985  \\$aUpdated by MS generated file for WR2302-017
=CAT  \\$a12842$b40$c20120615$lBLL01$h1359
=CAT  \\$a12842$b40$c20120615$lBLL01$h1417
=CAT  \\$aWR13.117$c20130718$lBLL01$h1854
=CAT  \\$a12842$b40$c20130911$lBLL01$h1659
=CAT  \\$aW1606-1727$c20160825$lBLL01$h1742
=CAT  \\$a14185$b40$c20221218$lBLL01$h1915
=CAT  \\$a14185$b40$c20221219$lBLL01$h0930
=CAT  \\$aW2302-0174$c20230223$lBLL01$h1959
=FIN  \\$aY$d20120615
=FMT  \\$a  MP
=LAS  \\$aW2302-0174$b00$c20230223$lBLL01$h1959

