=LDR  03639cem a2200613 a 4500
=001  016105019
=003  Uk
=005  20230223161616.0
=007  aj\aanzn
=008  120615s1744\\\\enk||||||\a\\\\\0\\\eng|\
=034  1\$aa$dW0015047$eW0015702$fN0513146$gN0512933$2bound
=040  \\$aUk$beng$cUk$dUk
=042  \\$aukblsr
=082  04$a912.421$223
=100  1\$aBowles, John,$d1701-1779.
=245  14$aThe city guide or a pocket map of London, Westminster and Southwark :$bwith ye new buildings to ye year 1744.
=255  \\$aScale not determined$c(W 1°50'47"--W 1°57'02"/N 51°31'46"--N 51°29'33").
=260  \\$a[London] :$bprinted for Tho. Bowles in St. Pauls Church Yard, & John Bowles at the Black Horse in Cornhill,$c1744.
=300  \\$a1 map ;$c25 x 50 cm
=336  \\$acartographic image$2rdacontent
=337  \\$aunmediated$2rdamedia
=338  \\$asheet$2rdacarrier
=500  \\$aThe title of this pocket map appears in a panel at top left, with the publisher's imprint below the plan and fares of hackney coaches and water ferries in tables at top right and bottom centre. The map shows the new bridge at Westminster and represents the built-up within the city by stippling. An engraver by trade, Thomas Bowles acquired Morden & Lea's stock at the beginning of the 18th century and started a successful publishing house whose output was almost entirely derivative. Thomas Bowles's business was separate from that of his brother John, but the two often worked together.
=500  \\$aFirst issued in 1740; later editions published in 1744 (this state), 1745, 1753 and 1757.
=500  \\$aTables of hackney coach and watermen's fares bottom centre, upper and centre right.
=500  \\$aBuilt-up areas stippled in City, hatched elsewhere. Bridges and some prominent buildings shown pictorially.
=510  4\$aCrace, John Gregory, A catalogue of maps, plans and views of London, Westminster and Southwark collected and arranged by Frederick Crace (1878),$cno. 102, p. 21
=510  4\$aHowgego, James. Printed maps of London,$bcirca 1553 - 1850,$cno. 84 (2), p. 91
=510  4\$aWorms, Laurence, Baynton-Williams, Ashley. British Map Engravers. A dictionary of engravers, lithographers and their principal employers,$bto 1850,$cpp. 102-104
=585  \\$aCopy at Maps Crace Port. 3.102. Exhibited: "Picturing Places" (online), 27 April 2017-.$5Uk
=651  \0$aLondon (England)$vMaps$vEarly works to 1800.
=655  \7$aEarly maps.$2fast$0(OCoLC)fst01752681
=700  1\$aCrace, Frederick,$d1779-1859,$eformer owner.
=700  1\$aCrace, John Gregory,$d1809-1889,$edonor.
=700  1\$aBowles, Thomas,$d-1767.
=852  41$aBritish Library$bMAPS$jMaps Crace Port. 3.102
=856  41$3Copy at Maps Crace Port. 3.102$uhttp://www.bl.uk/onlinegallery/onlineex/crace/t/007zzz000000003u00102000.html$yDigitised map
=985  \\$aUpgraded from georeferencer data 2022-12-16.
=985  \\$aRecord amended for WR# 13/070
=985  \\$aRecord amended for WR1606-1727
=985  \\$aUpdated by MS generated file for WR2302-017
=CAT  \\$a12842$b40$c20120615$lBLL01$h1449
=CAT  \\$a12842$b40$c20120615$lBLL01$h1455
=CAT  \\$aWR13_070$b00$c20130504$lBLL01$h0338
=CAT  \\$aWR13.117$c20130718$lBLL01$h1854
=CAT  \\$a12842$b40$c20130911$lBLL01$h1702
=CAT  \\$aW1606-1727$c20160825$lBLL01$h1742
=CAT  \\$a8250$b40$c20190813$lBLL01$h1443
=CAT  \\$a14185$b40$c20221218$lBLL01$h1915
=CAT  \\$a14185$b40$c20221219$lBLL01$h0925
=CAT  \\$aW2302-0174$c20230223$lBLL01$h1959
=FIN  \\$aY$d20120615
=FMT  \\$a  MP
=LAS  \\$aW2302-0174$b00$c20230223$lBLL01$h1959

