=LDR  03367cem a2200589 a 4500
=001  016105126
=003  Uk
=005  20230223161616.0
=007  aj\aanzn
=008  120615s1745\\\\enk||||||\a\\\\\0\\\eng|\
=034  1\$aa$b15300$dW0015048$eW0015704$fN0513145$gN0512938$2bound
=040  \\$aUk$beng$cUk$dUk
=042  \\$aukblsr
=082  04$a912.421$223
=100  1\$aLyne, Samuel,$dactive 1735-1752.
=245  12$aA pocket map of London, Westminster and Southwark :$bwith ye new buildings to ye year 1745.
=255  \\$aScale approximately 1:15,300$c(W 1°50'48"--W 1°57'04"/N 51°31'45"--N 51°29'38").
=260  \\$aLondon :$bprinted and sold by S. Lyne print and map seller at the Globe in Newgate Street,$c1745.
=300  \\$a1 map :$bhand col. ;$c24 x 49 cm
=336  \\$acartographic image$2rdacontent
=337  \\$aunmediated$2rdamedia
=338  \\$asheet$2rdacarrier
=500  \\$aThis is a later edition of a map first issued by Lyne in 1741. The title and scale bar appear at top left, with fares of hackney coaches in tables at top and middle right, fares of water ferries at bottom centre, and an advertisement for a set of the arms of the great twelve livery companies at bottom left. The map shows St. Paul's Cathedral, the Tower of London and Westminster Bridge three-dimensionally, with the built-up area stippled within the City and hatched elsewhere and with the boundaries of the City outlined in colour.
=500  \\$aFirst published in 1741. This is later state not mentioned by Howgego, date in title altered to 1745.
=500  \\$aTables of hackney coach and watermen's fares bottom centre, upper and centre right.
=500  \\$aBridges and some prominent buildings shown pictorially.
=510  4\$aCrace, John Gregory, A catalogue of maps, plans and views of London, Westminster and Southwark collected and arranged by Frederick Crace (1878),$cno. 103, p. 21
=510  4\$aHowgego, James. Printed maps of London,$bcirca 1553 - 1850,$cno. 88 (a), p. 93
=510  4\$aWorms, Laurence, Baynton-Williams, Ashley. British Map Engravers. A dictionary of engravers, lithographers and their principal employers,$bto 1850,$cp. 421
=651  \0$aLondon (England)$vMaps$vEarly works to 1800.
=655  \7$aEarly maps.$2fast$0(OCoLC)fst01752681
=700  1\$aCrace, Frederick,$d1779-1859,$eformer owner.
=700  1\$aCrace, John Gregory,$d1809-1889,$edonor.
=852  41$aBritish Library$bMAPS$jMaps Crace Port. 3.103
=856  41$3Copy at Maps Crace Port. 3.103$uhttp://www.bl.uk/onlinegallery/onlineex/crace/a/007zzz000000003u00103000.html$yDigitised map
=985  \\$aUpgraded from georeferencer data 2022-12-16.
=985  \\$a100 NEW
=985  \\$aRecord amended for WR# 13/070
=985  \\$aRecord amended for WR1606-1727
=985  \\$aUpdated by MS generated file for WR2302-017
=CAT  \\$a12842$b40$c20120615$lBLL01$h1559
=CAT  \\$aWR13_070$b00$c20130504$lBLL01$h0338
=CAT  \\$aWR13_070C$c20130611$lBLL01$h1859
=CAT  \\$aWR13.117$c20130718$lBLL01$h1854
=CAT  \\$a12842$b40$c20130911$lBLL01$h1704
=CAT  \\$aW1606-1727$c20160825$lBLL01$h1742
=CAT  \\$a14185$b40$c20221218$lBLL01$h1915
=CAT  \\$a14185$b40$c20221219$lBLL01$h0921
=CAT  \\$aW2302-0174$c20230223$lBLL01$h1959
=FIN  \\$aY$d20120615
=FMT  \\$a  MP
=LAS  \\$aW2302-0174$b00$c20230223$lBLL01$h1959

