=LDR  02916cem a2200529 a 4500
=001  016106435
=003  Uk
=005  20230223161616.0
=007  aj\aanzn
=008  120619s1756\\\\enk||||||\a\\\\\0\\\eng|\
=034  1\$aa$dW0015011$eW0015756$fN0513155$gN0512934$2bound
=040  \\$aUk$beng$cUk$dUk
=042  \\$aukblsr
=082  04$a912.421$223
=100  1\$aSeale, Richard William,$eengraver.
=245  12$aA new and exact plan of the cities of London and Westminster, and borough of Southwark :$bwith the additional buildings to the year 1756 /$cR. W. Seale sculp.
=255  \\$aScale not determined$c(W 1°50'11"--W 1°57'56"/N 51°31'55"--N 51°29'34").
=260  \\$a[London],$c1756.
=300  \\$a1 map ;$c32 x 73 cm
=336  \\$acartographic image$2rdacontent
=337  \\$aunmediated$2rdamedia
=338  \\$asheet$2rdacarrier
=500  \\$aThis map of London was engraved by Seale for publication in John Strype's 1754 edition of Stow's 'Survey of London and Westminster and the Borough of Southwark'. The plan's title features along the top, with compass rose near top left and scale bar below the plan. It illustrates St. Paul's Cathedral and other prominent buildings pictorially.
=500  \\$aFrom J. Strype's edition of J. Stow's Survey of the Cities of London and Westminster and borough of Southwark ..., published in 1754-56.
=510  4\$aCrace, John Gregory, A catalogue of maps, plans and views of London, Westminster and Southwark collected and arranged by Frederick Crace (1878),$cno. 113, p. 23
=510  4\$aHowgego, James. Printed maps of London,$bcirca 1553 - 1850,$cno. 106, p. 104
=510  4\$aScott, Valerie. Tooley's dictionary of mapmakers Q-Z (2004),$bp. 139
=510  4\$aWorms, Laurence, Baynton-Williams, Ashley. British Map Engravers. A dictionary of engravers, lithographers and their principal employers,$bto 1850,$cpp. 593-594
=651  \0$aLondon (England)$vMaps$vEarly works to 1800.
=655  \7$aEarly maps.$2fast$0(OCoLC)fst01752681
=700  1\$aCrace, Frederick,$d1779-1859,$eformer owner.
=700  1\$aCrace, John Gregory,$d1809-1889,$edonor.
=852  41$aBritish Library$bMAPS$jMaps Crace Port. 4.113
=856  41$3Copy at Maps Crace Port. 4.113$uhttp://www.bl.uk/onlinegallery/onlineex/crace/a/007zzz000000004u00113000.html$yDigitised map
=985  \\$aUpgraded from georeferencer data 2022-12-16.
=985  \\$aRecord amended for WR1606-1727
=985  \\$aUpdated by MS generated file for WR2302-017
=CAT  \\$a12842$b40$c20120619$lBLL01$h1647
=CAT  \\$aWR13.117$c20130718$lBLL01$h1854
=CAT  \\$a12842$b40$c20130911$lBLL01$h1734
=CAT  \\$aW1606-1727$c20160825$lBLL01$h1742
=CAT  \\$a14185$b40$c20221218$lBLL01$h1915
=CAT  \\$a14185$b40$c20221219$lBLL01$h0859
=CAT  \\$aW2302-0174$c20230223$lBLL01$h1959
=FIN  \\$aY$d20120619
=FMT  \\$a  MP
=LAS  \\$aW2302-0174$b00$c20230223$lBLL01$h1959

