=LDR  03196cem a2200541 a 4500
=001  016108267
=003  Uk
=005  20230223161617.0
=007  aj\aanzn
=008  120620q1756\\\\enk||||||\a\\\\\0\\\eng|\
=034  1\$aa$dW0015049$eW0015326$fN0513144$gN0512918$2bound
=040  \\$aUk$beng$cUk$dUk
=042  \\$aukblsr
=082  04$a912.421$223
=245  02$aA new and accurate plan of the city of Westminster, the dutchy of Lancaster and places adjacent.
=255  \\$aScale not given$c(W 1°50'49"--W 1°53'26"/N 51°31'44"--N 51°29'18").
=260  \\$a[London],$c1756.
=300  \\$a1 map ;$c23 x 37 cm
=336  \\$acartographic image$2rdacontent
=337  \\$aunmediated$2rdamedia
=338  \\$asheet$2rdacarrier
=500  \\$aFrom History & survey of London published in 1756 by William Maitland, vol. II, p. 1327.
=500  \\$aNorth is orientated towards the left-hand margin of the plan.
=500  \\$aMSS pen annotation '1756' added to the title in decorative cartouche.
=510  1\$aCrace, John Gregory, A catalogue of maps, plans and views of London, Westminster and Southwark collected and arranged by Frederick Crace (1878),$cno. 114, p. 23
=510  1\$aAdams, Bernard, London illustrated,$b1604-1851,$cno. 38 (86), p. 101
=520  \\$aThe title of this map appears in cartouche at top right, with a compass rose at top left. A territory with its own courts and administration, the Duchy of Lancaster was created in 1267 by Edward III for his younger son John. The Duchy was attached to the Crown when Prince Henry of Bolingbroke, the last Duke of Lancaster, became Henry IV in 1399. To this day, the Duchy has retained its own jurisdiction under the Chancellor of the Duchy of Lancaster. The chancellorship is a high governmental position, and sometimes a cabinet post. Since, for at least the last two centuries, the Chancellor rarely has had any significant duties pertaining to the Duchy's management, he is usually available as a minister without portfolio. Recent Chancellors have included Labour cabinet minister Mo Mowlam.
=651  \0$aLondon (England)$vMaps$vEarly works to 1800.
=655  \7$aEarly maps.$2fast$0(OCoLC)fst01752681
=700  1\$aCrace, Frederick,$d1779-1859,$eformer owner.
=700  1\$aCrace, John Gregory,$d1809-1889,$edonor.
=852  41$aBritish Library$bMAPS$jMaps Crace Port. 4.114
=856  41$3Copy at Maps Crace Port. 4.114$uhttp://www.bl.uk/onlinegallery/onlineex/crace/n/007zzz000000004u00114000.html$yDigitised map
=985  \\$aUpgraded from BL georeferencer data 2022-11-17.
=985  \\$aRecord amended for WR1606-1727
=985  \\$aUpdated by MS generated file for WR2302-017
=CAT  \\$a12842$b40$c20120620$lBLL01$h1318
=CAT  \\$a12842$b40$c20120620$lBLL01$h1404
=CAT  \\$a12842$b40$c20120621$lBLL01$h1139
=CAT  \\$aWR13.117$c20130718$lBLL01$h1854
=CAT  \\$a12842$b40$c20130911$lBLL01$h1740
=CAT  \\$aW1606-1727$c20160825$lBLL01$h1742
=CAT  \\$a14185$b40$c20221201$lBLL01$h1157
=CAT  \\$a14185$b40$c20221202$lBLL01$h1330
=CAT  \\$aW2302-0174$c20230223$lBLL01$h1959
=FIN  \\$aY$d20120620
=FMT  \\$a  MP
=LAS  \\$aW2302-0174$b00$c20230223$lBLL01$h1959

