=LDR  03246cem a2200625 a 4500
=001  016108338
=003  Uk
=005  20230223161617.0
=007  aj\aanzn
=008  120620s1757\\\\enk||||||\a\\\\\0\\\eng|\
=034  1\$aa$dW0015030$eW0015715$fN0513154$gN0512930$2bound
=040  \\$aUk$beng$cUk$dUk
=042  \\$aukblsr
=082  04$a912.421$223
=100  1\$aOwen, W.$q(William),$d-1793.
=245  10$aIchonography of the cities of London and Westminster and the borough of Southwark.
=255  \\$aScale not determined$c(W 1°50'30"--W 1°57'15"/N 51°31'54"--N 51°29'30").
=260  \\$a[London :$bprinted and sold by W. Owen, Temple Bar],$c1757.
=300  \\$a1 map ;$c21 x 41 cm
=336  \\$acartographic image$2rdacontent
=337  \\$aunmediated$2rdamedia
=338  \\$asheet$2rdacarrier
=500  \\$a"Ichnography" means ground-plan. This small map was published in 'The Natural History of England' by the scientist and instrument-maker Benjamin Martin. This was part of the complete work 'General Magazine of Arts and Science' issued between 1756 and 1761. The map's title appears in a square table at top right. Built-up areas are stippled within the boundaries of the City of London, and crosshatched elsewhere.
=500  \\$aFrom The natural history of England ... by Benjamin Martin, vol. I, 1759; imprint taken from title page.
=500  \\$aBelow map: Engraved for the General Magazine of Arts & Sciences for W. Owen at Temple Bar 1757.
=500  \\$aBuilt-up areas stippled in City, hatched elsewhere.
=510  4\$aCrace, John Gregory, A catalogue of maps, plans and views of London, Westminster and Southwark collected and arranged by Frederick Crace (1878),$cno. 115, p. 23
=510  4\$aHowgego, James. Printed maps of London,$bcirca 1553 - 1850,$cno. 108, p. 105
=510  4\$aScott, Valerie. Tooley's dictionary of mapmakers K-P (2003),$bp. 367
=651  \0$aLondon (England)$vMaps$vEarly works to 1800.
=655  \7$aEarly maps.$2fast$0(OCoLC)fst01752681
=700  1\$aCrace, Frederick,$d1779-1859,$eformer owner.
=700  1\$aCrace, John Gregory,$d1809-1889,$edonor.
=852  41$aBritish Library$bMAPS$jMaps Crace Port. 4.115.(1.)
=856  41$3Copy at Maps Crace Port. 4.115.(1.)$uhttp://www.bl.uk/onlinegallery/onlineex/crace/t/007zzz000000004u001150a0.html$yDigitised map
=985  \\$aUpgraded from georeferencer data 2022-12-16.
=985  \\$a100 NEW
=985  \\$aRecord amended for WR# 13/070
=985  \\$aRecord amended for WR1606-1727
=985  \\$aUpdated by MS generated file for WR2302-017
=CAT  \\$a12842$b40$c20120620$lBLL01$h1408
=CAT  \\$a12842$b40$c20120622$lBLL01$h1551
=CAT  \\$aWR13_070$b00$c20130504$lBLL01$h0338
=CAT  \\$aWR13_070C$c20130611$lBLL01$h1859
=CAT  \\$aWR13.117$c20130718$lBLL01$h1854
=CAT  \\$a12842$b40$c20130912$lBLL01$h1227
=CAT  \\$a12842$b40$c20131002$lBLL01$h1425
=CAT  \\$a12842$b40$c20131011$lBLL01$h1753
=CAT  \\$aW1606-1727$c20160825$lBLL01$h1742
=CAT  \\$a14185$b40$c20221218$lBLL01$h1915
=CAT  \\$a14185$b40$c20221219$lBLL01$h0949
=CAT  \\$aW2302-0174$c20230223$lBLL01$h1959
=FIN  \\$aY$d20120620
=FMT  \\$a  MP
=LAS  \\$aW2302-0174$b00$c20230223$lBLL01$h1959

