=LDR  03452cem a2200601 a 4500
=001  016108391
=003  Uk
=005  20230223161617.0
=007  aj\aanzn
=008  120620s1759\\\\enk||||||\a\\\\\0\\\eng|\
=034  1\$aa$dW0015040$eW0015710$fN0513148$gN0512937$2bound
=040  \\$aUk$beng$cUk$dUk
=042  \\$aukblsr
=082  04$a912.421$223
=100  1\$aWithy, Robert,$dactive 1759.
=245  12$aA pocket map of London, Westminster and Southwark :$bwith ye new buildings to ye year 1759.
=255  \\$aScale not determined$c(W 1°50'40"--W 1°57'10"/N 51°31'48"--N 51°29'37").
=260  \\$aLondon :$bprinted and sold by R. Withy print and map seller at Dunciad in Cornhil,$c1759.
=300  \\$a1 map ;$c24 x 50 cm
=336  \\$acartographic image$2rdacontent
=337  \\$aunmediated$2rdamedia
=338  \\$asheet$2rdacarrier
=500  \\$aThis pocket map of London is reminiscent of Henry Overton's map of 1731. The title and scale bar appear at top left, fares of hackney coaches feature at top and middle right, and fares of water ferries at bottom centre. A note on distances, churches and public buildings is included at bottom right with the city boundaries outlined in colour. Robert Whity, who issued this map in 1759, added a sheet to include the development north of Oxford Street in the estate of Henry Cavendish, Duke of Newcastle, where Cavendish Square was at the centre of a new residential district being built by Edward Harley, the duke's son-in-law.
=500  \\$aLater ed. published in 1760.
=500  \\$aBelow imprint added 'where is just publish'd the newest Map of the Roads of England pr. 6 d. ea. Colour'd, and on silk 2 s. 6 e. each'.
=500  \\$aTables of hackney coach fares top right and of watermen's fares bottom centre.
=500  \\$aNote on distances and number of churches bottom right. Advertisement for Withy's shop bottom left.
=510  4\$aCrace, John Gregory, A catalogue of maps, plans and views of London, Westminster and Southwark collected and arranged by Frederick Crace (1878),$cno. 116, p. 23
=510  4\$aHowgego, James. Printed maps of London,$bcirca 1553 - 1850,$cno. 112 (1), p. 107
=510  4\$aScott, Valerie. Tooley's dictionary of mapmakers Q-Z (2004),$bp. 403
=651  \0$aLondon (England)$vMaps$vEarly works to 1800.
=655  \7$aEarly maps.$2fast$0(OCoLC)fst01752681
=700  1\$aCrace, Frederick,$d1779-1859,$eformer owner.
=700  1\$aCrace, John Gregory,$d1809-1889,$edonor.
=852  41$aBritish Library$bMAPS$jMaps Crace Port. 4.116
=856  41$3Copy at Maps Crace Port. 4.116$uhttp://www.bl.uk/onlinegallery/onlineex/crace/a/007zzz000000004u00116000.html$yDigitised map
=985  \\$aUpgraded from georeferencer data 2022-12-16.
=985  \\$a100 NEW
=985  \\$aRecord amended for WR# 13/070
=985  \\$aRecord amended for WR1606-1727
=985  \\$aUpdated by MS generated file for WR2302-017
=CAT  \\$a12842$b40$c20120620$lBLL01$h1439
=CAT  \\$aWR13_070$b00$c20130504$lBLL01$h0338
=CAT  \\$aWR13_070C$c20130611$lBLL01$h1859
=CAT  \\$aWR13.117$c20130718$lBLL01$h1854
=CAT  \\$a12842$b40$c20130912$lBLL01$h1232
=CAT  \\$aW1606-1727$c20160825$lBLL01$h1742
=CAT  \\$a14185$b40$c20221218$lBLL01$h1915
=CAT  \\$a14185$b40$c20221219$lBLL01$h0851
=CAT  \\$aW2302-0174$c20230223$lBLL01$h1959
=FIN  \\$aY$d20120620
=FMT  \\$a  MP
=LAS  \\$aW2302-0174$b00$c20230223$lBLL01$h1959

