=LDR  03429cem a2200625 a 4500
=001  016108413
=003  Uk
=005  20230223161617.0
=007  aj\aanzn
=008  120620s1760\\\\enk||||||\a\\\\\0\\\eng|\
=034  1\$aa$dW0015055$eW0015658$fN0513147$gN0512934$2bound
=040  \\$aUk$beng$cUk$dUk
=042  \\$aukblsr
=082  04$a912.421$223
=100  1\$aSayer, Robert,$d1725-1794.
=245  12$aA pocket map of London, Westminster and Southwark :$bwith the new buildings to ye year 1760. Not extant in any other map.
=255  \\$aScale not determined$c(W 1°50'55"--W 1°56'58"/N 51°31'47"--N 51°29'34").
=260  \\$aLondon :$bprinted for Robt. Sayer at the Golden Buck opposite Fetter Lane, Fleet Street,$c1760.
=300  \\$a1 map :$bhand col. ;$c25 x 50 cm
=336  \\$acartographic image$2rdacontent
=337  \\$aunmediated$2rdamedia
=338  \\$asheet$2rdacarrier
=500  \\$aThe title of this map appears in ornamental cartouche at top left, with fares of hackney coaches in tables at top- and middle-right. Fares of water ferries feature at bottom centre. The built-up area is stippled in the City of London itself, and hatched elsewhere, with the city boundaries outlined in colours.
=500  \\$aLater edition of the map first issued by George Foster in 1739; updated to include the approaches to Westminster Bridge and the intended new bridge at Backfriars.
=500  \\$aLists of rates of hackney coaches and watermen upper right and bottom centre.
=500  \\$aTable of wards bottom left.
=500  \\$aBuilt-up areas stippled in City, hatched elsewhere. Bridges and some prominent buildings shown pictorially.
=500  \\$aBoundaries of wards outlined in colour.
=510  4\$aCrace, John Gregory, A catalogue of maps, plans and views of London, Westminster and Southwark collected and arranged by Frederick Crace (1878),$cno. 117, p. 24
=510  4\$aHowgego, James. Printed maps of London,$bcirca 1553 - 1850,$cno. 83 (3), pp. 90-91
=510  4\$aWorms, Laurence, Baynton-Williams, Ashley. British Map Engravers. A dictionary of engravers, lithographers and their principal employers,$bto 1850,$cpp. 585-588
=651  \0$aLondon (England)$vMaps$vEarly works to 1800.
=655  \7$aEarly maps.$2fast$0(OCoLC)fst01752681
=700  1\$aCrace, Frederick,$d1779-1859,$eformer owner.
=700  1\$aCrace, John Gregory,$d1809-1889,$edonor.
=700  1\$aFoster, George,$dactive 1738.
=852  41$aBritish Library$bMAPS$jMaps Crace Port. 4.117
=856  41$3Copy at Maps Crace Port. 4.117$uhttp://www.bl.uk/onlinegallery/onlineex/crace/a/007zzz000000004u00117000.html$yDigitised map
=985  \\$aUpgraded from georeferencer data 2022-12-16.
=985  \\$aProvisional record - DSC
=985  \\$aRecord amended for WR# 13/070
=985  \\$aRecord amended for WR1606-1727
=985  \\$aUpdated by MS generated file for WR2302-017
=CAT  \\$a12842$b40$c20120620$lBLL01$h1528
=CAT  \\$aWR13_070$b00$c20130504$lBLL01$h0338
=CAT  \\$aWR13_070C$c20130611$lBLL01$h1859
=CAT  \\$aWR13.117$c20130718$lBLL01$h1854
=CAT  \\$a12842$b40$c20130912$lBLL01$h1256
=CAT  \\$aW1606-1727$c20160825$lBLL01$h1742
=CAT  \\$a14185$b40$c20221218$lBLL01$h1915
=CAT  \\$a14185$b40$c20221219$lBLL01$h0927
=CAT  \\$aW2302-0174$c20230223$lBLL01$h1959
=FIN  \\$aY$d20120620
=FMT  \\$a  MP
=LAS  \\$aW2302-0174$b00$c20230223$lBLL01$h1959

