=LDR  02843cem a2200541 a 4500
=001  016108508
=003  Uk
=005  20230223161617.0
=007  aj\aanzn
=008  120620q1761\\\\enk||||||\a\\\\\0\\\eng|\
=034  1\$aa$dW0015019$eW0015635$fN0513143$gN0512935$2bound
=040  \\$aUk$beng$cUk$dUk
=042  \\$aukblsr
=082  04$a912.421$223
=100  1\$aDodsley, Robert,$d1704-1764.
=245  12$aA new and correct plan of London, Westminster and Southwark :$bwith several additional improvements not in any former survey.
=255  \\$aScale not determined$c(W 1°50'19"--W 1°56'35"/N 51°31'43"--N 51°29'35").
=260  \\$aLondon :$bengraved and printed for R. and J. Dodsley in Pall Mall,$c[1761]
=300  \\$a1 map ;$c35 x 67 cm
=336  \\$acartographic image$2rdacontent
=337  \\$aunmediated$2rdamedia
=338  \\$asheet$2rdacarrier
=500  \\$aThe title of this map appears in a square table at bottom right with the publisher's imprint and scale bar below the plan. The writer, poet and dramatist Robert Dodsley and his brother, the print- and book-seller James, were business partners and issued this map from their shop in Pall Mall in 1761.
=500  \\$aFrom London and its environs described ... published by R. & J. Dodsley in 1761.
=510  4\$aCrace, John Gregory, A catalogue of maps, plans and views of London, Westminster and Southwark collected and arranged by Frederick Crace (1878),$cno. 119, p. 24
=510  4\$aHowgego, James. Printed maps of London,$bcirca 1553 - 1850,$cno. 118, p. 109
=510  4\$aWorms, Laurence, Baynton-Williams, Ashley. British Map Engravers. A dictionary of engravers, lithographers and their principal employers,$bto 1850,$cpp. 198-199
=651  \0$aLondon (England)$vMaps$vEarly works to 1800.
=655  \7$aEarly maps.$2fast$0(OCoLC)fst01752681
=700  1\$aCrace, Frederick,$d1779-1859,$eformer owner.
=700  1\$aCrace, John Gregory,$d1809-1889,$edonor.
=700  1\$aDodsley, James,$d1724-1797.
=852  41$aBritish Library$bMAPS$jMaps Crace Port. 4.119
=856  41$3Copy at Maps Crace Port. 4.119$uhttp://www.bl.uk/onlinegallery/onlineex/crace/a/007zzz000000004u00119000.html$yDigitised map
=985  \\$aUpgraded from georeferencer data 2022-12-16.
=985  \\$aRecord amended for WR1606-1727
=985  \\$aUpdated by MS generated file for WR2302-017
=CAT  \\$a12842$b40$c20120620$lBLL01$h1622
=CAT  \\$aWR13.117$c20130718$lBLL01$h1854
=CAT  \\$a12842$b40$c20130912$lBLL01$h1310
=CAT  \\$aW1606-1727$c20160825$lBLL01$h1742
=CAT  \\$a9572$b40$c20170904$lBLL01$h1315
=CAT  \\$a14185$b40$c20221218$lBLL01$h1914
=CAT  \\$a14185$b40$c20221219$lBLL01$h0927
=CAT  \\$aW2302-0174$c20230223$lBLL01$h1959
=FIN  \\$aY$d20120620
=FMT  \\$a  MP
=LAS  \\$aW2302-0174$b00$c20230223$lBLL01$h1959

