=LDR  03122cem a2200553 a 4500
=001  016108721
=003  Uk
=005  20230223161618.0
=007  aj\aanzn
=008  120621q1766\\\\enk||||||\a\\\\\0\\\eng|\
=034  1\$aa$dW0015036$eW0015807$fN0513146$gN0512933$2bound
=040  \\$aUk$beng$cUk$dUk
=042  \\$aukblsr
=082  04$a912.421$223
=100  1\$aBowles, Carington,$d1724-1793.
=245  14$aThe London guide, or, a pocket plan of the cities of London, & Westminster and borough of Southwark :$bwith the new buildings, &c. to the present year.
=255  \\$aScale not determined$c(W 1°50'36"--W 1°58'07"/N 51°31'46"--N 51°29'33").
=260  \\$aLondon :$bprinted for Carlington Bowles, map & printseller, in St. Pauls Church Yard,$c[1766]
=300  \\$a1 map ;$c27 x 58 cm
=336  \\$acartographic image$2rdacontent
=337  \\$aunmediated$2rdamedia
=338  \\$asheet$2rdacarrier
=500  \\$aThis map of Georgian London was published in John Entick's 1766 'A New and Accurate History and Survey of London, Westminster and Southwark.' The title of the map appears in a panel below the plan along with the rates of hackney coaches and water ferries. It extends eastward to include Limehouse, then one of the main centres for shipbuilding in the capital.
=500  \\$aLater editions published in 1767, 1771 and 1776.
=500  \\$aFrom A new & accurate history & survey of London, Westminster, Southwark ..., vol. III, published in 1766 by John Entick.
=500  \\$aList of rates of hackney coaches and watermen bottom of plate.
=500  \\$aSome buildings and shipping on the river shown pictorially.
=510  4\$aCrace, John Gregory, A catalogue of maps, plans and views of London, Westminster and Southwark collected and arranged by Frederick Crace (1878),$cno. 122, p. 24
=510  4\$aHowgego, James. Printed maps of London,$bcirca 1553 - 1850,$cno. 141 (1), p. 120
=510  4\$aWorms, Laurence, Baynton-Williams, Ashley. British Map Engravers. A dictionary of engravers, lithographers and their principal employers,$bto 1850,$cpp. 101-102
=651  \0$aLondon (England)$vMaps$vEarly works to 1800.
=655  \7$aEarly maps.$2fast$0(OCoLC)fst01752681
=700  1\$aCrace, Frederick,$d1779-1859,$eformer owner.
=700  1\$aCrace, John Gregory,$d1809-1889,$edonor.
=852  41$aBritish Library$bMAPS$jMaps Crace Port. 4.122
=856  41$3Copy at Maps Crace Port. 4.122$uhttp://www.bl.uk/onlinegallery/onlineex/crace/t/007zzz000000004u00122000.html$yDigitised map
=985  \\$aUpgraded from georeferencer data 2022-12-16.
=985  \\$aRecord amended for WR1606-1727
=985  \\$aUpdated by MS generated file for WR2302-017
=CAT  \\$a12842$b40$c20120621$lBLL01$h1149
=CAT  \\$aWR13.117$c20130718$lBLL01$h1854
=CAT  \\$a12842$b40$c20130912$lBLL01$h1312
=CAT  \\$aW1606-1727$c20160825$lBLL01$h1742
=CAT  \\$a14185$b40$c20221218$lBLL01$h1914
=CAT  \\$a14185$b40$c20221219$lBLL01$h0900
=CAT  \\$aW2302-0174$c20230223$lBLL01$h1959
=FIN  \\$aY$d20120621
=FMT  \\$a  MP
=LAS  \\$aW2302-0174$b00$c20230223$lBLL01$h1959

