=LDR  02818cem a2200529 a 4500
=001  016108776
=003  Uk
=005  20230223161618.0
=007  aj\aanzn
=008  120621s1764\\\\enk||||||\a\\\\\0\\\eng|\
=034  1\$aa$dW0015047$eW0015705$fN0513150$gN0512935$2bound
=040  \\$aUk$beng$cUk$dUk
=042  \\$aukblsr
=082  04$a912.421$223
=245  02$aA map of London, Westminster and Southwark :$bwith ye new buildings to ye year 1764.
=255  \\$aScale not determined$c(W 1°50'47"--W 1°57'05"/N 51°31'50"--N 51°29'35").
=260  \\$a[London],$c1764.
=300  \\$a1 map ;$c25 x 50 cm
=336  \\$acartographic image$2rdacontent
=337  \\$aunmediated$2rdamedia
=338  \\$asheet$2rdacarrier
=500  \\$aThis pocket map of London was published in 'A New History of London' by the Reverend George Reeves. Its title appears in a square table near top left, with built-up areas in the city stippled while other built-up areas are hatched. St. Paul's Cathedral and other prominent buildings are represented pictorially. The map is a derivative of a 1740 map showing the housing development north of Cavendish Square, which was never built.
=500  \\$a2nd ed.; first published in 1764 without imprint; later edition with date in title altered to 1769.
=500  \\$aAbove map: Engrav'd for Reeves's History of London.
=500  \\$aBuilt-up areas stippled in City, hatched elsewhere. Some prominent buildings shown pictorially.
=510  4\$aCrace, John Gregory, A catalogue of maps, plans and views of London, Westminster and Southwark collected and arranged by Frederick Crace (1878),$cno. 123, p. 24
=510  4\$aHowgego, James. Printed maps of London,$bcirca 1553 - 1850,$cno. 125 (2), pp. 112-113
=651  \0$aLondon (England)$vMaps$vEarly works to 1800.
=655  \7$aEarly maps.$2fast$0(OCoLC)fst01752681
=700  1\$aCrace, Frederick,$d1779-1859,$eformer owner.
=700  1\$aCrace, John Gregory,$d1809-1889,$edonor.
=852  41$aBritish Library$bMAPS$jMaps Crace Port. 4.123
=856  41$3Copy at Maps Crace Port. 4.123$uhttp://www.bl.uk/onlinegallery/onlineex/crace/a/007zzz000000004u00123000.html$yDigitised map
=985  \\$aUpgraded from georeferencer data 2022-12-16.
=985  \\$aRecord amended for WR1606-1727
=985  \\$aUpdated by MS generated file for WR2302-017
=CAT  \\$a12842$b40$c20120621$lBLL01$h1309
=CAT  \\$a12842$b40$c20120621$lBLL01$h1316
=CAT  \\$aWR13.117$c20130718$lBLL01$h1854
=CAT  \\$a12842$b40$c20130912$lBLL01$h1313
=CAT  \\$aW1606-1727$c20160825$lBLL01$h1742
=CAT  \\$a14185$b40$c20221218$lBLL01$h1914
=CAT  \\$a14185$b40$c20221219$lBLL01$h0850
=CAT  \\$aW2302-0174$c20230223$lBLL01$h1959
=FIN  \\$aY$d20120621
=FMT  \\$a  MP
=LAS  \\$aW2302-0174$b00$c20230223$lBLL01$h1959

