=LDR  03466cem a2200613 a 4500
=001  016108824
=003  Uk
=005  20230223161618.0
=007  aj\aanzn
=008  120621s1765\\\\enk||||||\a\\\\\1\\\eng|\
=034  1\$aa$dW0015025$eW0015713$fN0513157$gN0512920$2bound
=040  \\$aUk$beng$cUk$dUk
=042  \\$aukblsr
=082  04$a912.421$223
=100  1\$aKitchin, Thomas,$d-1784.
=245  13$aAn improved plan of the cities of London and Westminster, and borough of Southwark :$bincluding the new buildings, roads &c. to the present year 1765.
=255  \\$aScale not determined$c(W 1°50'25"--W 1°57'13"/N 51°31'57"--N 51°29'20").
=260  \\$a[London :$bprinted for Thos. Kitchin at the Star, Holborn Hill and Henry Parker, opposite Birchin Lane in Cornhill],$c1765.
=300  \\$a1 map ;$c28 x 50 cm
=336  \\$acartographic image$2rdacontent
=337  \\$aunmediated$2rdamedia
=338  \\$asheet$2rdacarrier
=500  \\$aThe title of this pocket map appears along the top, with built-up areas represented by stippling in the City of London, and crosshatching elsewhere. A table of reference appears in a panel below the plan. The map, a later edition of Kitching and Parker's 1765 plan, shows the new bridge and the approaches at Blackfriars. Designed by Robert Mylne, this third bridge spanning the Thames was built between 1760 and 69. The nine semi-elliptical Portland stone arches were replaced from 1860 to 69 by the present structure of five wrought-iron arches each faced with cast iron, and a granite pier designed by Cubitt and Carr.
=500  \\$aImprint taken from Printed maps of London, J. Howgego.
=500  \\$a1st ed.; later editions published in 1767, 1771 and ca. 1774.
=500  \\$aTable of reference pasted below map.
=500  \\$aBuilt-up areas stippled in City, hatched elsewhere.
=510  4\$aCrace, John Gregory, A catalogue of maps, plans and views of London, Westminster and Southwark collected and arranged by Frederick Crace (1878),$cno. 126, p. 25
=510  4\$aHowgego, James. Printed maps of London,$bcirca 1553 - 1850,$cno. 135 (1), p. 117
=510  4\$aScott, Valerie. Tooley's dictionary of mapmakers K-P (2003),$bp. 382
=651  \0$aLondon (England)$vMaps$vEarly works to 1800.
=655  \7$aEarly maps.$2fast$0(OCoLC)fst01752681
=700  1\$aCrace, Frederick,$d1779-1859,$eformer owner.
=700  1\$aCrace, John Gregory,$d1809-1889,$edonor.
=700  1\$aParker, Henry,$d1725-1809.
=852  41$aBritish Library$bMAPS$jMaps Crace Port. 4.126
=856  41$3Copy at Maps Crace Port. 4.126$uhttp://www.bl.uk/onlinegallery/onlineex/crace/a/007zzz000000004u00126000.html$yDigitised map
=985  \\$aUpgraded from georeferencer data 2022-12-16.
=985  \\$aRecord amended for WR# 13/070
=985  \\$aRecord amended for WR1606-1727
=985  \\$aUpdated by MS generated file for WR2302-017
=CAT  \\$a12842$b40$c20120621$lBLL01$h1420
=CAT  \\$a12842$b40$c20120626$lBLL01$h1709
=CAT  \\$a12842$b40$c20120626$lBLL01$h1710
=CAT  \\$aWR13_070$b00$c20130504$lBLL01$h0338
=CAT  \\$aWR13.117$c20130718$lBLL01$h1854
=CAT  \\$a12842$b40$c20130912$lBLL01$h1325
=CAT  \\$aW1606-1727$c20160825$lBLL01$h1742
=CAT  \\$a14185$b40$c20221218$lBLL01$h1914
=CAT  \\$a14185$b40$c20221219$lBLL01$h0925
=CAT  \\$aW2302-0174$c20230223$lBLL01$h1959
=FIN  \\$aY$d20120621
=FMT  \\$a  MP
=LAS  \\$aW2302-0174$b00$c20230223$lBLL01$h1959

