=LDR  02386cem a2200517 a 4500
=001  016108857
=003  Uk
=005  20230223161618.0
=007  aj\aanzn
=008  120621q1765\\\\xx\||||||\a\\\\\0\\\eng|\
=034  1\$aa$dW0015021$eW0015634$fN0513159$gN0512936$2bound
=040  \\$aUk$beng$cUk$dUk
=042  \\$aukblsr
=082  04$a912.421$223
=245  02$aA new and accurate plan of the cities of London and Westminster :$bincluding the new roads & new buildings. 1765.
=255  \\$aScale not determined$c(W 1°50'21"--W 1°56'34"/N 51°31'59"--N 51°29'36").
=260  \\$c[ca. 1765]
=300  \\$a1 map ;$c39 x 67 cm
=336  \\$acartographic image$2rdacontent
=337  \\$aunmediated$2rdamedia
=338  \\$asheet$2rdacarrier
=500  \\$aThis map shows the London, Westminster and Blackfriars bridges across the Thames, marking the many stairways down to the water necessary before the bridges were built.
=500  \\$aBlackfriars Bridge and 'intended new road' on south side shown.
=500  \\$aDate has been inserted in ink after 'new buildings' in title.
=510  4\$aCrace, John Gregory, A catalogue of maps, plans and views of London, Westminster and Southwark collected and arranged by Frederick Crace (1878),$cno. 127, p. 25
=651  \0$aLondon (England)$vMaps$vEarly works to 1800.
=655  \7$aEarly maps.$2fast$0(OCoLC)fst01752681
=700  1\$aCrace, Frederick,$d1779-1859,$eformer owner.
=700  1\$aCrace, John Gregory,$d1809-1889,$edonor.
=852  41$aBritish Library$bMAPS$jMaps Crace Port. 4.127
=856  41$3Copy at Maps Crace Port. 4.127$uhttp://www.bl.uk/onlinegallery/onlineex/crace/a/007zzz000000004u00127000.html$yDigitised map
=985  \\$aUpgraded from georeferencer data 2022-12-16.
=985  \\$aRecord amended for WR1606-1727
=985  \\$aUpdated by MS generated file for WR2302-017
=CAT  \\$a12842$b40$c20120621$lBLL01$h1500
=CAT  \\$a12842$b40$c20120621$lBLL01$h1501
=CAT  \\$a12842$b40$c20120621$lBLL01$h1521
=CAT  \\$aWR13.117$c20130718$lBLL01$h1854
=CAT  \\$a12842$b40$c20130912$lBLL01$h1327
=CAT  \\$aW1606-1727$c20160825$lBLL01$h1742
=CAT  \\$a14185$b40$c20221218$lBLL01$h1914
=CAT  \\$a14185$b40$c20221219$lBLL01$h0855
=CAT  \\$aW2302-0174$c20230223$lBLL01$h1959
=FIN  \\$aY$d20120621
=FMT  \\$a  MP
=LAS  \\$aW2302-0174$b00$c20230223$lBLL01$h1959

