=LDR  03823cem a2200601 a 4500
=001  016109006
=003  Uk
=005  20230223161618.0
=007  aj\aanzn
=008  120621s1765\\\\enk||||||\a\\\\\1\\\eng|\
=034  1\$aa$dW0015001$eW0015417$fN0513153$gN0512937$2bound
=040  \\$aUk$beng$cUk$dUk
=042  \\$aukblsr
=082  04$a912.421$223
=100  1\$aJefferys, Thomas,$d-1771.
=245  12$aA new plan of the city and liberty of Westminster exhibiting all the new streets & roads :$bwith the residences of the principal nobility, public offices, &c. Not extant in any other plan /$cdrawn & engraved by Thomas Jefferys, Geographer to His Majesty.
=255  \\$aScale not given$c(W 1°50'01"--W 1°54'17"/N 51°31'53"--N 51°29'37").
=260  \\$a[London :$bT. Jefferys],$c1765.
=300  \\$a1 map :$bcol. ;$c44 x 52 cm
=336  \\$acartographic image$2rdacontent
=337  \\$aunmediated$2rdamedia
=338  \\$asheet$2rdacarrier
=500  \\$aContains dedication to the Westminster Paving Commissioners.
=500  \\$aState not mentioned by Howgego, between 1st and 2nd with the new date 1765, but before the addition of the address of Robert Sayer and Carington Bowles.
=500  \\$aIssued in conjunction with A new plan of the city of London and borough of Southwark exhibiting all the new streets, roads, &c. by T. Jefferys. Combination of two maps printed from two separate plates, each with its own title, joined make a continuous map.
=500  \\$aIncludes reference tables, list of Westminster districts, Middlesex and Surrey parishes within the bills of mortality.
=500  \\$aExplanation of colouring left centre.
=510  4\$aCrace, John Gregory, A catalogue of maps, plans and views of London, Westminster and Southwark collected and arranged by Frederick Crace (1878),$cno. 128, p. 25
=510  4\$aHowgego, James. Printed maps of London,$bcirca 1553-1850,$cno. 122, pp. 110-111
=510  4\$aWorms, Laurence, Baynton-Williams, Ashley. British Map Engravers. A dictionary of engravers, lithographers and their principal employers,$bto 1850,$cpp. 347-351
=520  \\$aThis map is by Thomas Jeffreys, an exceptional cartographer and publisher whose productions, including maps of North America, are considered to be among the finest of his age. This map shows the new developments in Westminster by use of a colour coding system indicating varying stages of completion. Portman Square (W1), a contemporary development, was begun the year before this map was published. It was built between 1764 and 84 for the landlord Henry William Portman on what was then considered the outskirts of town.
=651  \0$aLondon (England)$vMaps$vEarly works to 1800.
=655  \7$aEarly maps.$2fast$0(OCoLC)fst01752681
=700  1\$aCrace, Frederick,$d1779-1859,$eformer owner.
=700  1\$aCrace, John Gregory,$d1809-1889,$edonor.
=852  41$aBritish Library$bMAPS$jMaps Crace Port. 4.128
=856  41$3Copy at Maps Crace Port. 4.128$uhttp://www.bl.uk/onlinegallery/onlineex/crace/a/007zzz000000004u00128000.html$yDigitised map
=985  \\$aUpgraded from BL georeferencer data 2022-11-17.
=985  \\$aRecord amended for WR# 13/070
=985  \\$aRecord amended for WR1606-1727
=985  \\$aUpdated by MS generated file for WR2302-017
=CAT  \\$a12842$b40$c20120621$lBLL01$h1635
=CAT  \\$a12842$b40$c20120622$lBLL01$h1121
=CAT  \\$aWR13_070$b00$c20130504$lBLL01$h0338
=CAT  \\$aWR13.117$c20130718$lBLL01$h1854
=CAT  \\$a12842$b40$c20130912$lBLL01$h1328
=CAT  \\$aW1606-1727$c20160825$lBLL01$h1742
=CAT  \\$a14185$b40$c20221201$lBLL01$h1157
=CAT  \\$a14185$b40$c20221202$lBLL01$h1330
=CAT  \\$aW2302-0174$c20230223$lBLL01$h1959
=FIN  \\$aY$d20120621
=FMT  \\$a  MP
=LAS  \\$aW2302-0174$b00$c20230223$lBLL01$h1959

