=LDR  03395cem a2200565 a 4500
=001  016109268
=003  Uk
=005  20230223161618.0
=007  aj\aanzn
=008  120622s1766\\\\enk||||||\a\\\\\0\\\eng|\
=034  1\$aa$dW0015312$eW0015738$fN0513155$gN0512936$2bound
=040  \\$aUk$beng$cUk$dUk
=042  \\$aukblsr
=082  04$a912.421$223
=100  1\$aJefferys, Thomas,$d-1771.
=245  12$aA new plan of the city of London and borough of Southwark exhibiting all the new streets, roads, &c. :$bNot extant in any other plan /$cdrawn & engraved by Thomas Jefferys, Geographer to His Majesty. MDCCLXVI.
=255  \\$aScale not given$c(W 1°53'12"--W 1°57'38"/N 51°31'55"--N 51°29'36").
=260  \\$a[London :$bT. Jefferys],$c1766.
=300  \\$a1 map :$bhand col. ;$c46 x 53 cm
=336  \\$acartographic image$2rdacontent
=337  \\$aunmediated$2rdamedia
=338  \\$asheet$2rdacarrier
=500  \\$aContains dedication to the Lord Mayor and Commissioners of Sewers.
=500  \\$aIssued in conjunction with A new plan of the city and liberty of Westminster exhibiting all the new streets & roads by T. Jefferys. Combination of two maps printed from two separate plates, each with its own title, joined make a continuous map.
=500  \\$aExplanation of colouring bottom left.
=510  4\$aCrace, John Gregory, A catalogue of maps, plans and views of London, Westminster and Southwark collected and arranged by Frederick Crace (1878),$cno. 130, p. 26
=510  4\$aHowgego, James. Printed maps of London,$bcirca 1553-1850,$cno. 122 (2), pp. 110-111
=510  4\$aWorms, Laurence, Baynton-Williams, Ashley. British Map Engravers. A dictionary of engravers, lithographers and their principal employers,$bto 1850,$cpp. 347-351
=520  \\$aThomas Jeffreys was an exceptional cartographer and publisher whose productions included maps of North America, considered to be among the finest of the time. This map of the City of London and the Borough of Southwark shows important buildings such as the Tower of London and St Paul's in plan form, differing from many earlier examples, which show them in elevation. It is dedicated to the Right Honourable Lord Mayor Aldermen and to the Commissioners of the Sewers, Lamps and Pavements.
=651  \0$aLondon (England)$vMaps$vEarly works to 1800.
=655  \7$aEarly maps.$2fast$0(OCoLC)fst01752681
=700  1\$aCrace, Frederick,$d1779-1859,$eformer owner.
=700  1\$aCrace, John Gregory,$d1809-1889,$edonor.
=852  41$aBritish Library$bMAPS$jMaps Crace Port. 4.130
=856  41$3Copy at Maps Crace Port. 4.130$uhttp://www.bl.uk/onlinegallery/onlineex/crace/a/007zzz000000004u00130000.html$yDigitised map
=985  \\$aUpgraded from BL georeferencer data 2022-11-17.
=985  \\$aRecord amended for WR# 13/070
=985  \\$aRecord amended for WR1606-1727
=985  \\$aUpdated by MS generated file for WR2302-017
=CAT  \\$a12842$b40$c20120622$lBLL01$h1122
=CAT  \\$aWR13_070$b00$c20130504$lBLL01$h0338
=CAT  \\$aWR13.117$c20130718$lBLL01$h1854
=CAT  \\$a12842$b40$c20130912$lBLL01$h1329
=CAT  \\$aW1606-1727$c20160825$lBLL01$h1742
=CAT  \\$a14185$b40$c20221201$lBLL01$h1157
=CAT  \\$a14185$b40$c20221202$lBLL01$h1331
=CAT  \\$aW2302-0174$c20230223$lBLL01$h1959
=FIN  \\$aY$d20120622
=FMT  \\$a  MP
=LAS  \\$aW2302-0174$b00$c20230223$lBLL01$h1959

