=LDR  03294cem a2200625 a 4500
=001  016109355
=003  Uk
=005  20230223161618.0
=007  aj\aanzn
=008  120620s1757\\\\enk||||||\a\\\\\0\\\eng|\
=034  1\$aa$dW0015039$eW0015712$fN0513153$gN0512931$2bound
=040  \\$aUk$beng$cUk$dUk
=042  \\$aukblsr
=082  04$a912.421$223
=100  1\$aOwen, W.$q(William),$d-1793.
=245  10$aIchonography of the cities of London and Westminster and the borough of Southwark.
=255  \\$aScale not determined$c(W 1°50'39"--W 1°57'12"/N 51°31'53"--N 51°29'31").
=260  \\$a[London :$bprinted and sold by W. Owen, Temple Bar],$c1757.
=300  \\$a1 map ;$c21 x 41 cm
=336  \\$acartographic image$2rdacontent
=337  \\$aunmediated$2rdamedia
=338  \\$asheet$2rdacarrier
=500  \\$aThis small map was published in 'The Natural History of England' by the scientist and instrument-maker Benjamin Martin. It comprised part of the complete 'General Magazine of Arts and Science' issued between 1756 and 1761. The map's title features in a square table at top right, and represents the built-up area within the city boundaries with stippling, and other built-up areas with crosshatching. "Ichnography" means ground-plan.
=500  \\$aIncluded in the Crace Collection but not listed in the Catalogue of maps, plans and views of London, Westminster and Southwark collected and arranged by Frederick Crace, published in 1878.
=500  \\$aFrom The natural history of England ... by Benjamin Martin, vol. I, 1759; imprint taken from title page.
=500  \\$aBelow map: Engraved for the General Magazine of Arts & Sciences for W. Owen at Temple Bar 1757.
=500  \\$aBuilt-up areas stippled in City, hatched elsewhere.
=510  4\$aHowgego, James. Printed maps of London,$bcirca 1553 - 1850,$cno. 108, p. 105
=510  4\$aScott, Valerie. Tooley's dictionary of mapmakers K-P (2003),$bp. 367
=651  \0$aLondon (England)$vMaps$vEarly works to 1800.
=655  \7$aEarly maps.$2fast$0(OCoLC)fst01752681
=700  1\$aCrace, Frederick,$d1779-1859,$eformer owner.
=700  1\$aCrace, John Gregory,$d1809-1889,$edonor.
=852  41$aBritish Library$bMAPS$jMaps Crace Port. 4.115.(2.)
=856  41$3Copy at Maps Crace Port. 4.115.(2.)$uhttp://www.bl.uk/onlinegallery/onlineex/crace/t/007zzz000000004u001150b0.html$yDigitised map
=985  \\$aUpgraded from georeferencer data 2022-12-16.
=985  \\$a100 NEW
=985  \\$aRecord amended for WR# 13/070
=985  \\$aRecord amended for WR1606-1727
=985  \\$aUpdated by MS generated file for WR2302-017
=CAT  \\$a12842$b40$c20120622$lBLL01$h1318
=CAT  \\$a12842$b40$c20120622$lBLL01$h1552
=CAT  \\$aWR13_070$b00$c20130504$lBLL01$h0338
=CAT  \\$aWR13_070C$c20130611$lBLL01$h1859
=CAT  \\$aWR13.117$c20130718$lBLL01$h1854
=CAT  \\$a12842$b40$c20130912$lBLL01$h1229
=CAT  \\$a12842$b40$c20131002$lBLL01$h1427
=CAT  \\$a12842$b40$c20131011$lBLL01$h1753
=CAT  \\$aW1606-1727$c20160825$lBLL01$h1742
=CAT  \\$a14185$b40$c20221218$lBLL01$h1914
=CAT  \\$a14185$b40$c20221219$lBLL01$h0849
=CAT  \\$aW2302-0174$c20230223$lBLL01$h1959
=FIN  \\$aY$d20120620
=FMT  \\$a  MP
=LAS  \\$aW2302-0174$b00$c20230223$lBLL01$h1959

