=LDR  03591cem a2200625 a 4500
=001  016110011
=003  Uk
=005  20230223161618.0
=007  aj\aanzn
=008  120625s1766\\\\enk||||||\a\\\\\0\\\eng|\
=034  1\$aa$dW0015024$eW0015716$fN0513156$gN0512920$2bound
=040  \\$aUk$beng$cUk$dUk
=042  \\$aukblsr
=082  04$a912.421$223
=100  1\$aGibson, John,$dactive 1748-1773.
=245  12$aA new and correct plan of the cities and suburbs of London & Westminster & borough of Southwark :$bwith the country adjacent, the new buildings, roads &c. to the year 1766, from an actual survey /$ccorrected & engrav'd by J. Gibson.
=255  \\$aScale not determined$c(W 1°50'24"--W 1°57'16"/N 51°31'56"--N 51°29'20").
=260  \\$aLondon :$bprinted for and sold by Robt. Sayer, map and printseller near Serjeants Inn Fleet Street, and J. Smith at Hogarths Head Cheapside,$c1766.
=300  \\$a1 map ;$c29 x 51 cm
=336  \\$acartographic image$2rdacontent
=337  \\$aunmediated$2rdamedia
=338  \\$asheet$2rdacarrier
=500  \\$aThe title of this map runs along the top of the plan, which shows the new bridge at Blackfriars as "Pitt's Bridge". Designed by Robert Mylne, this third bridge spanning the Thames was built between 1760 and 69. The nine semi-elliptical Portland stone arches were replaced in a hundred years later by the present structure of five wrought-iron arches faced with cast-iron, and a granite pier designed by Cubitt and Carr.
=500  \\$a2nd ed.; first published in 1763; later ed. issued in 1766 (this state), 1767 and 1769.
=500  \\$aApproaches to Pitt's Bridge (Blackfriars Bridge) shown, but not as finally laid out.
=500  \\$aBuilt-up areas stippled in City, hatched elsewhere.
=510  4\$aCrace, John Gregory, A catalogue of maps, plans and views of London, Westminster and Southwark collected and arranged by Frederick Crace (1878),$cno. 132, p. 26
=510  4\$aHowgego, James. Printed maps of London,$bcirca 1553-1850,$cno. 123b (2), pp. 111-112
=510  4\$aScott, Valerie. Tooley's dictionary of mapmakers Q-Z (2004),$bpp. 176-177
=510  4\$aWorms, Laurence, Baynton-Williams, Ashley. British Map Engravers. A dictionary of engravers, lithographers and their principal employers,$bto 1850,$cpp. 260-261
=651  \0$aLondon (England)$vMaps$vEarly works to 1800.
=655  \7$aEarly maps.$2fast$0(OCoLC)fst01752681
=700  1\$aCrace, Frederick,$d1779-1859,$eformer owner.
=700  1\$aCrace, John Gregory,$d1809-1889,$edonor.
=700  1\$aSayer, Robert,$d1725-1794.
=852  41$aBritish Library$bMAPS$jMaps Crace Port. 4.132
=856  41$3Copy at Maps Crace Port. 4.132$uhttp://www.bl.uk/onlinegallery/onlineex/crace/a/007zzz000000004u00132000.html$yDigitised map
=985  \\$aUpgraded from georeferencer data 2022-12-16.
=985  \\$a100 NEW
=985  \\$aRecord amended for WR# 13/070
=985  \\$aRecord amended for WR1606-1727
=985  \\$aUpdated by MS generated file for WR2302-017
=CAT  \\$a12842$b40$c20120625$lBLL01$h1312
=CAT  \\$a12842$b40$c20120625$lBLL01$h1314
=CAT  \\$aWR13_070$b00$c20130504$lBLL01$h0338
=CAT  \\$aWR13_070C$c20130611$lBLL01$h1859
=CAT  \\$aWR13.117$c20130718$lBLL01$h1854
=CAT  \\$a12842$b40$c20130912$lBLL01$h1332
=CAT  \\$aW1606-1727$c20160825$lBLL01$h1742
=CAT  \\$a14185$b40$c20221218$lBLL01$h1914
=CAT  \\$a14185$b40$c20221219$lBLL01$h0925
=CAT  \\$aW2302-0174$c20230223$lBLL01$h1959
=FIN  \\$aY$d20120625
=FMT  \\$a  MP
=LAS  \\$aW2302-0174$b00$c20230223$lBLL01$h1959

