=LDR  02510cem a2200493 a 4500
=001  016110169
=003  Uk
=005  20230223161618.0
=007  aj\aanzn
=008  120625s1767\\\\enk||||||\a\\\\\0\\\eng|\
=034  1\$aa$dW0015045$eW0015705$fN0513147$gN0512934$2bound
=040  \\$aUk$beng$cUk$dUk
=042  \\$aukblsr
=082  04$a912.421$223
=245  04$aThe London guide, or pocket plan of the cities of London & Westminster, & borough of Southwark :$bwith the new buildings, c&. to the present year 1767.
=255  \\$aScale not determined$c(W 1°50'45"--W 1°57'05"/N 51°31'47"--N 51°29'34").
=260  \\$a[London],$c1767.
=300  \\$a1 map ;$c26 x 51 cm
=336  \\$acartographic image$2rdacontent
=337  \\$aunmediated$2rdamedia
=338  \\$asheet$2rdacarrier
=500  \\$aThe title of this map of Georgian London features along the top. Rates of hackney coaches are noted at top- and middle-right, with rates of water ferries at bottom centre. A member of the Joiners Livery Company, Carrington Bowles continued the family printing and publishing business started by his father, John, and uncle, Thomas.
=500  \\$aTables of hackney coach and watermen's fares bottom centre, upper and centre right.
=500  \\$aBridges and some prominent buildings shown pictorially.
=510  4\$aCrace, John Gregory, A catalogue of maps, plans and views of London, Westminster and Southwark collected and arranged by Frederick Crace (1878),$cno. 133, p. 26
=651  \0$aLondon (England)$vMaps$vEarly works to 1800.
=655  \7$aEarly maps.$2fast$0(OCoLC)fst01752681
=700  1\$aCrace, Frederick,$d1779-1859,$eformer owner.
=700  1\$aCrace, John Gregory,$d1809-1889,$edonor.
=852  41$aBritish Library$bMAPS$jMaps Crace Port. 4.133
=856  41$3Copy at Maps Crace Port. 4.133$uhttp://www.bl.uk/onlinegallery/onlineex/crace/t/007zzz000000004u00133000.html$yDigitised map
=985  \\$aUpgraded from georeferencer data 2022-12-16.
=985  \\$aRecord amended for WR1606-1727
=985  \\$aUpdated by MS generated file for WR2302-017
=CAT  \\$a12842$b40$c20120625$lBLL01$h1601
=CAT  \\$aWR13.117$c20130718$lBLL01$h1854
=CAT  \\$a12842$b40$c20130912$lBLL01$h1334
=CAT  \\$aW1606-1727$c20160825$lBLL01$h1742
=CAT  \\$a14185$b40$c20221218$lBLL01$h1914
=CAT  \\$a14185$b40$c20221219$lBLL01$h0926
=CAT  \\$aW2302-0174$c20230223$lBLL01$h1959
=FIN  \\$aY$d20120625
=FMT  \\$a  MP
=LAS  \\$aW2302-0174$b00$c20230223$lBLL01$h1959

