=LDR  03065cem a2200577 a 4500
=001  016110190
=003  Uk
=005  20230223161618.0
=007  aj\aanzn
=008  120625s1770\\\\enk||||||\a\\\\\0\\\eng|\
=034  1\$aa$dW0015022$eW0015716$fN0513156$gN0512919$2bound
=040  \\$aUk$beng$cUk$dUk
=042  \\$aukblsr
=082  04$a912.421$223
=100  1\$aFlyn J.,$dactive 1761-1782,$eengraver.
=245  12$aA new and correct plan of London and Westminser and Southwark :$bwith new buildings to the year 1770 /$cJ. Flyn sculp.
=255  \\$aScale not determined$c(W 1°50'22"--W 1°57'16"/N 51°31'56"--N 51°29'19").
=260  \\$a[London],$c1770.
=300  \\$a1 map ;$c28 x 51 cm
=336  \\$acartographic image$2rdacontent
=337  \\$aunmediated$2rdamedia
=338  \\$asheet$2rdacarrier
=500  \\$aThis map was published in 'A new and complete history and survey of the cities of London and Westminster... revised by Henry Chamberlain.' Only one edition was published and some copies omit the name of the engraver, J. Flyn. The Chelsea Waterworks are shown in Hyde Park. This was the first water-plant to use slow sand filtration to purify the water it supplied.
=500  \\$aFrom A new and compleat history and survey of the cities of London and Westminster ... revised by Henry Chamberlain published in 1770.
=510  4\$aCrace, John Gregory, A catalogue of maps, plans and views of London, Westminster and Southwark collected and arranged by Frederick Crace (1878),$cno. 135, p. 26
=510  4\$aHowgego, James. Printed maps of London,$bcirca 1553-1850,$cno. 149, p. 124
=510  4\$aFrench, Josephine. Tooley's dictionary of mapmakers E-J (2001),$bp. 83
=510  4\$aWorms, Laurence, Baynton-Williams, Ashley. British Map Engravers. A dictionary of engravers, lithographers and their principal employers,$bto 1850,$cp. 238
=651  \0$aLondon (England)$vMaps$vEarly works to 1800.
=655  \7$aEarly maps.$2fast$0(OCoLC)fst01752681
=700  1\$aCrace, Frederick,$d1779-1859,$eformer owner.
=700  1\$aCrace, John Gregory,$d1809-1889,$edonor.
=852  41$aBritish Library$bMAPS$jMaps Crace Port. 4.135
=856  41$3Copy at Maps Crace Port. 4.135$uhttp://www.bl.uk/onlinegallery/onlineex/crace/a/007zzz000000004u00135000.html$yDigitised map
=985  \\$aUpgraded from georeferencer data 2022-12-16.
=985  \\$a100 NEW
=985  \\$aRecord amended for WR# 13/070
=985  \\$aRecord amended for WR1606-1727
=985  \\$aUpdated by MS generated file for WR2302-017
=CAT  \\$a12842$b40$c20120625$lBLL01$h1716
=CAT  \\$aWR13_070$b00$c20130504$lBLL01$h0338
=CAT  \\$aWR13_070C$c20130611$lBLL01$h1859
=CAT  \\$aWR13.117$c20130718$lBLL01$h1854
=CAT  \\$a12842$b40$c20130912$lBLL01$h1729
=CAT  \\$aW1606-1727$c20160825$lBLL01$h1742
=CAT  \\$a14185$b40$c20221218$lBLL01$h1914
=CAT  \\$a14185$b40$c20221219$lBLL01$h0854
=CAT  \\$aW2302-0174$c20230223$lBLL01$h1959
=FIN  \\$aY$d20120625
=FMT  \\$a  MP
=LAS  \\$aW2302-0174$b00$c20230223$lBLL01$h1959

