=LDR  02573cem a2200529 a 4500
=001  016110628
=003  Uk
=005  20230223161618.0
=007  aj\aanzn
=008  120626s1771\\\\enk||||||\a\\\\\0\\\eng|\
=034  1\$aa$dW0015038$eW0015728$fN0513149$gN0512931$2bound
=040  \\$aUk$beng$cUk$dUk
=042  \\$aukblsr
=082  04$a912.421$223
=100  1\$aAndrews, John,$d1736-1809.
=245  12$aA plan of the cities of London and Westminster and borough of Southwark. 1771 /$cJ. Andrews sculp.
=255  \\$aScale not determined$c(W 1°50'38"--W 1°57'28"/N 51°31'49"--N 51°29'31").
=260  \\$a[London],$c1771.
=300  \\$a1 map ;$c17 x 37 cm
=336  \\$acartographic image$2rdacontent
=337  \\$aunmediated$2rdamedia
=338  \\$asheet$2rdacarrier
=500  \\$aThe reference key of this map extends along the right margin and bottom of the map, with the title is in a cartouche. This map shows proposed lines of approach towards Blackfriars Bridge, later abandoned.
=500  \\$aIncludes reference table to identify numbered landmarks along bottom and right margins.
=500  \\$aBlackfriars Bridge shown and lines of proposed approaches indicated.
=510  4\$aCrace, John Gregory, A catalogue of maps, plans and views of London, Westminster and Southwark collected and arranged by Frederick Crace (1878),$cno. 137, p. 27
=510  4\$aHowgego, James. Printed maps of London,$bcirca 1553-1850,$cno. 152, pp. 124-125
=510  4\$aFrench, Josephine. Tooley's dictionary of mapmakers A-D (1999),$bp. 32
=651  \0$aLondon (England)$vMaps$vEarly works to 1800.
=655  \7$aEarly maps.$2fast$0(OCoLC)fst01752681
=700  1\$aCrace, Frederick,$d1779-1859,$eformer owner.
=700  1\$aCrace, John Gregory,$d1809-1889,$edonor.
=852  41$aBritish Library$bMAPS$jMaps Crace Port. 4.137
=856  41$3Copy at Maps Crace Port. 4.137$uhttp://www.bl.uk/onlinegallery/onlineex/crace/a/007zzz000000004u00137000.html$yDigitised map
=985  \\$aUpgraded from georeferencer data 2022-12-16.
=985  \\$aRecord amended for WR1606-1727
=985  \\$aUpdated by MS generated file for WR2302-017
=CAT  \\$a12842$b40$c20120626$lBLL01$h1209
=CAT  \\$aWR13.117$c20130718$lBLL01$h1854
=CAT  \\$a12842$b40$c20130912$lBLL01$h1733
=CAT  \\$aW1606-1727$c20160825$lBLL01$h1742
=CAT  \\$a14185$b40$c20221218$lBLL01$h1914
=CAT  \\$a14185$b40$c20221219$lBLL01$h0929
=CAT  \\$aW2302-0174$c20230223$lBLL01$h1959
=FIN  \\$aY$d20120626
=FMT  \\$a  MP
=LAS  \\$aW2302-0174$b00$c20230223$lBLL01$h1959

