=LDR  02983cem a2200589 a 4500
=001  016110729
=003  Uk
=005  20230223161618.0
=007  aj\aanzn
=008  120626q1790\\\\xx\||||||\a\\\\\0\\\eng|\
=034  1\$aa$dW0015010$eW0015734$fN0513217$gN0512917$2bound
=040  \\$aUk$beng$cUk$dUk
=042  \\$aukblsr
=082  04$a912.421$223
=100  1\$aBonnisselle, J. G.
=245  10$aPlan of London, Westminster and the borough of Southwark :$bwith all the additional streets, squares, &c. also the improved roads, to the year. From the best authors /$cdessiné et gravé par J. G. Bonnisselle.
=255  \\$aScale not determined$c(W 1°50'10"--W 1°57'34"/N 51°32'17"--N 51°29'17").
=260  \\$c[ca. 1790]
=300  \\$a1 map ;$c51 x 83 cm
=336  \\$acartographic image$2rdacontent
=337  \\$aunmediated$2rdamedia
=338  \\$asheet$2rdacarrier
=500  \\$aThis map includes Finsbury Fields and Newington. Field boundaries are indicated. A table of references for public buildings is included. Buildings are shown in plan form. The internal structures of the Tower of London are detailed.
=500  \\$a1st ed.; later ed. published in 1801.
=500  \\$aMSS pen annotation '1772' added to the title in cartouche.
=500  \\$aMap divided into 1 mile squares lettered for reference. Includes index to churches and prominent buildings bottom portion of plate.
=500  \\$aSommers Town and the Paragon, New Kent Road, shown.
=510  4\$aCrace, John Gregory, A catalogue of maps, plans and views of London, Westminster and Southwark collected and arranged by Frederick Crace (1878),$cno. 138, p. 27
=510  4\$aHowgego, James. Printed maps of London,$bcirca 1553-1850,$cno. 194 (1), pp. 153-154
=510  4\$aFrench, Josephine. Tooley's dictionary of mapmakers A-D (1999),$bp. 164
=651  \0$aLondon (England)$vMaps$vEarly works to 1800.
=655  \7$aEarly maps.$2fast$0(OCoLC)fst01752681
=700  1\$aCrace, Frederick,$d1779-1859,$eformer owner.
=700  1\$aCrace, John Gregory,$d1809-1889,$edonor.
=852  41$aBritish Library$bMAPS$jMaps Crace Port. 4.138
=856  41$3Copy at Maps Crace Port. 4.138$uhttp://www.bl.uk/onlinegallery/onlineex/crace/p/007zzz000000004u00138000.html$yDigitised map
=985  \\$aUpgraded from georeferencer data 2022-12-16.
=985  \\$a100 NEW
=985  \\$aRecord amended for WR1606-1727
=985  \\$aUpdated by MS generated file for WR2302-017
=CAT  \\$a12842$b40$c20120626$lBLL01$h1415
=CAT  \\$a12842$b40$c20120626$lBLL01$h1420
=CAT  \\$a12842$b40$c20120626$lBLL01$h1428
=CAT  \\$aWR13.117$c20130718$lBLL01$h1854
=CAT  \\$a12842$b40$c20130912$lBLL01$h1734
=CAT  \\$aW1606-1727$c20160825$lBLL01$h1742
=CAT  \\$a14185$b40$c20221218$lBLL01$h1914
=CAT  \\$a14185$b40$c20221219$lBLL01$h0902
=CAT  \\$aW2302-0174$c20230223$lBLL01$h1959
=FIN  \\$aY$d20120626
=FMT  \\$a  MP
=LAS  \\$aW2302-0174$b00$c20230223$lBLL01$h1959

