=LDR  03210cem a2200577 a 4500
=001  016110816
=003  Uk
=005  20221219090245.0
=007  aj\aanzn
=008  120626s1772\\\\enk||||||\a\\\\\0\\\eng|\
=034  1\$aa$dW0015001$eW0015638$fN0513201$gN0512931$2bound
=040  \\$aUk$beng$cUk$dUk
=042  \\$aukblsr
=082  04$a912.421$223
=100  1\$aNoorthouck, John,$d1746?-1816.
=245  12$aA new plan of London, Westminster and Southwark :$bengraved for Noorthoucks History of London. 1772 /$cAshby sculp.
=255  \\$aScale not determined$c(W 1°50'01"--W 1°56'38"/N 51°32'01"--N 51°29'31").
=260  \\$a[London :$bPrinted for R. Baldwin, No. 47, Pater-noster Row],$c1772.
=300  \\$a1 map :$bhand col. ;$c41 x 68 cm
=336  \\$acartographic image$2rdacontent
=337  \\$aunmediated$2rdamedia
=338  \\$asheet$2rdacarrier
=500  \\$aThis map highlights in red the boundaries of the old London Wall, built by the Romans. By the end of the 17th Century it had become an anachronistic nuisance. The first section (near Bishops Gate) was removed in 1707 and much of the rest was broken down or built over during the 18th Century. Most of the gates were pulled down in 1760/1, with Newgate, the last to survive, demolished in 1777.
=500  \\$aPublished in A new history of London, including Westminster and Southwark ... by John Noorthouck; imprint taken from title page.
=500  \\$aBoundaries of the old London Wall outlined in colour.
=510  4\$aCrace, John Gregory, A catalogue of maps, plans and views of London, Westminster and Southwark collected and arranged by Frederick Crace (1878),$cno. 139, p. 27
=510  4\$aHowgego, James. Printed maps of London,$bcirca 1553-1850,$cno. 157, p. 127
=510  4\$aFrench, Josephine. Tooley's dictionary of mapmakers A-D (1999),$bp. 32
=510  4\$aScott, Valerie. Tooley's dictionary of mapmakers K-P (2003),$bp. 51
=510  4\$aWorms, Laurence, Baynton-Williams, Ashley. British Map Engravers. A dictionary of engravers, lithographers and their principal employers,$bto 1850,$cpp. 29-30
=585  \\$aCopy at Maps Crace Port. 4.139. Exhibited: "Picturing Places" (online), 20 April 2017-.$5Uk
=651  \0$aLondon$xEarly works to 1800$vMaps.
=655  \0$aEarly maps.
=700  1\$aCrace, Frederick,$d1779-1859,$eformer owner.
=700  1\$aCrace, John Gregory,$d1809-1889,$edonor.
=700  1\$aAshby, Harry,$d1744-1815,$eengraver.
=852  41$aBritish Library$bMAPS$jMaps Crace Port. 4.139
=856  41$3Copy at Maps Crace Port. 4.139$uhttp://www.bl.uk/onlinegallery/onlineex/crace/a/007zzz000000004u00139000.html$yDigitised map
=985  \\$aUpgraded from georeferencer data 2022-12-16.
=985  \\$a700 NEW
=985  \\$aRecord amended for WR1606-1727
=CAT  \\$a12842$b40$c20120626$lBLL01$h1455
=CAT  \\$aWR13.117$c20130718$lBLL01$h1854
=CAT  \\$a12842$b40$c20130912$lBLL01$h1736
=CAT  \\$aW1606-1727$c20160825$lBLL01$h1742
=CAT  \\$a8250$b40$c20190531$lBLL01$h0934
=CAT  \\$a14185$b40$c20221218$lBLL01$h1914
=CAT  \\$a14185$b40$c20221219$lBLL01$h0902
=FIN  \\$aY$d20120626
=FMT  \\$a  MP
=LAS  \\$a14185$b40$c20221219$lBLL01$h0902

