=LDR  03175cem a2200601 a 4500
=001  016110899
=003  Uk
=005  20230223161618.0
=007  aj\aanzn
=008  120626s1773\\\\enk||||||\a\\\\\0\\\eng|\
=034  1\$aa$dW0015022$eW0015821$fN0513305$gN0512920$2bound
=040  \\$aUk$beng$cUk$dUk
=041  0\$aeng$afre
=042  \\$aukblsr
=082  04$a912.421$223
=100  1\$aRocque, John,$d-1762.
=245  12$aA plan of the cities of London and Westminster with the borough of Southwark :$bon the same scale as the plan of Paris, Rome and Dublin /$csurvey'd & calculated by Jno. Rocque, Topographer to the King.
=246  11$aPlan des cités de Londres et de Westminster et du bourg de Southwark sur la même echelle que les plans de Paris, Rome et Dublin, levé & calculé par Jean Rocque Topographe du Roi
=255  \\$aScale not determined$c(W 1°50'22"--W 1°58'21"/N 51°33'05"--N 51°29'20").
=260  \\$aLondon :$bprinted for Robt. Sayer, map and printseller, No 53 in Fleet Street,$c2d Jany. 1773.
=300  \\$a1 map :$bhand col. ;$c49 x 73 cm
=336  \\$acartographic image$2rdacontent
=337  \\$aunmediated$2rdamedia
=338  \\$asheet$2rdacarrier
=500  \\$aThis map comprises two sheets with the title along the top in English and French, and a note comparing built-up areas of the four European capitals. City boundaries are outlined in colour. This is Robert Sayer's 1773 edition of the map first issued by Rocque in 1761.
=500  \\$a2nd ed.; first printed in 1756, also issued with date changed to 1761.
=500  \\$aMSS pen annotation '1773' added in title area top left.
=500  \\$aCity boundary outlined in colour.
=510  4\$aCrace, John Gregory, A catalogue of maps, plans and views of London, Westminster and Southwark collected and arranged by Frederick Crace (1878),$cno. 140, p. 27
=510  4\$aHowgego, James. Printed maps of London,$bcirca 1553-1850,$cno. 105a (2), p. 104
=651  \0$aLondon (England)$vMaps$vEarly works to 1800.
=655  \7$aEarly maps.$2fast$0(OCoLC)fst01752681
=700  1\$aCrace, Frederick,$d1779-1859,$eformer owner.
=700  1\$aCrace, John Gregory,$d1809-1889,$edonor.
=700  1\$aSayer, Robert,$d1725-1794.
=852  41$aBritish Library$bMAPS$jMaps Crace Port. 4.140
=856  41$3Copy at Maps Crace Port. 4.140$uhttp://www.bl.uk/onlinegallery/onlineex/crace/a/007zzz000000004u00140000.html$yDigitised map
=985  \\$aUpgraded from georeferencer data 2022-12-16.
=985  \\$aRecord amended for WR# 13/070
=985  \\$aRecord amended for WR1606-1727
=985  \\$aUpdated by MS generated file for WR2302-017
=CAT  \\$a12842$b40$c20120626$lBLL01$h1629
=CAT  \\$a12842$b40$c20120626$lBLL01$h1634
=CAT  \\$aWR13_070$b00$c20130504$lBLL01$h0338
=CAT  \\$aWR13.117$c20130718$lBLL01$h1854
=CAT  \\$a12842$b40$c20130912$lBLL01$h1740
=CAT  \\$aW1606-1727$c20160825$lBLL01$h1742
=CAT  \\$a14185$b40$c20221218$lBLL01$h1914
=CAT  \\$a14185$b40$c20221219$lBLL01$h0903
=CAT  \\$aW2302-0174$c20230223$lBLL01$h1959
=FIN  \\$aY$d20120626
=FMT  \\$a  MP
=LAS  \\$aW2302-0174$b00$c20230223$lBLL01$h1959

