=LDR  03446cem a2200613 a 4500
=001  016112375
=003  Uk
=005  20230223161618.0
=007  aj\aanzn
=008  120626q1774\\\\enk||||||\a\\\\\0\\\eng|\
=034  1\$aa$dW0015030$eW0015713$fN0513200$gN0512918$2bound
=040  \\$aUk$beng$cUk$dUk
=042  \\$aukblsr
=082  04$a912.421$223
=100  1\$aKitchin, Thomas,$d-1784.
=245  13$aAn improved plan of the cities of London and Westminster, and borough of Southwark :$bincluding the new buildings, roads &c.
=255  \\$aScale not determined$c(W 1°50'30"--W 1°57'13"/N 51°32'00"--N 51°29'18").
=260  \\$aLondon :$bprinted for Robert Wilkinson, 125 Fenchurch Street,$c[ca. 1774]
=300  \\$a1 map :$bhand col. ;$c28 x 50 cm
=336  \\$acartographic image$2rdacontent
=337  \\$aunmediated$2rdamedia
=338  \\$asheet$2rdacarrier
=500  \\$aThis coloured map shows the built-up area of the City of London as a stippled pattern, with other built-up areas crosshatched. This map is a later edition of Kitching and Parker's 1765 plan, updated to include the new bridge and the approaches at Blackfriars as finally laid out. Designed by Robert Mylne, this third bridge spanning the Thames was built between 1760 and 69. The nine semi-elliptical Portland stone arches were replaced from 1860 to 69 by the present structure of five wrought-iron arches each faced with cast iron, and a granite pier designed by Cubitt and Carr.
=500  \\$a4th ed.; first printed in 1765, later editions published in 1767, 1771 and ca. 1774 (this state).
=500  \\$aDate taken from Printed maps of London circa 1553-1850, by J. Howgego.
=500  \\$aTable of reference omitted.
=500  \\$aBuilt-up areas stippled in City, hatched elsewhere.
=510  4\$aCrace, John Gregory, A catalogue of maps, plans and views of London, Westminster and Southwark collected and arranged by Frederick Crace (1878),$cno. 141, p. 27
=510  4\$aHowgego, James. Printed maps of London,$bcirca 1553-1850,$cno. 135 (4), p. 117
=510  4\$aScott, Valerie. Tooley's dictionary of mapmakers K-P (2003),$bp. 382
=510  4\$aScott, Valerie. Tooley's dictionary of mapmakers Q-Z (2004),$bp. 389
=651  \0$aLondon (England)$vMaps$vEarly works to 1800.
=655  \7$aEarly maps.$2fast$0(OCoLC)fst01752681
=700  1\$aCrace, Frederick,$d1779-1859,$eformer owner.
=700  1\$aCrace, John Gregory,$d1809-1889,$edonor.
=700  1\$aParker, Henry,$d1725-1809.
=700  1\$aWilkinson, Robert,$d-approximately 1825.
=852  41$aBritish Library$bMAPS$jMaps Crace Port. 4.141
=856  41$3Copy at Maps Crace Port. 4.141$uhttp://www.bl.uk/onlinegallery/onlineex/crace/a/007zzz000000004u00141000.html$yDigitised map
=985  \\$aUpgraded from georeferencer data 2022-12-16.
=985  \\$aRecord amended for WR# 13/070
=985  \\$aRecord amended for WR1606-1727
=985  \\$aUpdated by MS generated file for WR2302-017
=CAT  \\$a12842$b40$c20120626$lBLL01$h1719
=CAT  \\$aWR13_070$b00$c20130504$lBLL01$h0338
=CAT  \\$aWR13.117$c20130718$lBLL01$h1854
=CAT  \\$a12842$b40$c20130912$lBLL01$h1748
=CAT  \\$aW1606-1727$c20160825$lBLL01$h1742
=CAT  \\$a14185$b40$c20221218$lBLL01$h1914
=CAT  \\$a14185$b40$c20221219$lBLL01$h0924
=CAT  \\$aW2302-0174$c20230223$lBLL01$h1959
=FIN  \\$aY$d20120626
=FMT  \\$a  MP
=LAS  \\$aW2302-0174$b00$c20230223$lBLL01$h1959

