=LDR  03746cem a2200601 a 4500
=001  016112658
=003  Uk
=005  20230223161619.0
=007  aj\aanzn
=008  120627q1772\\\\enk||||||\a\\\\\0\\\eng|\
=034  1\$aa$dW0014959$eW0015738$fN0513155$gN0512935$2bound
=040  \\$aUk$beng$cUk$dUk
=042  \\$aukblsr
=082  04$a912.421$223
=100  1\$aJefferys, Thomas,$d-1771.
=245  12$aA new plan of the city and liberty of Westminster, exhibiting all the new streets & roads with the residences of the principal nobility, public offices, &c. ... A new plan of the city of London and borough of Southwark, exhibiting all the new streets, roads, &c. :$bNot extant in any other plan.
=255  \\$aScale not determined$c(W 1°49'59"--W 1°57'38"/N 51°31'55"--N 51°29'35").
=260  \\$a[London :$bT. Jefferys,$cca. 1772]
=300  \\$a1 map :$bhand col. ;$c45 x 94 cm
=336  \\$acartographic image$2rdacontent
=337  \\$aunmediated$2rdamedia
=338  \\$asheet$2rdacarrier
=500  \\$aThe engraver-turned-cartographer Thomas Jeffrey began commissioning original surveys for a series of English county maps in the early 1760s. This is the combination of two separate maps: a map of Westminster, with a list of districts and parishes in the County of Middlesex; and an adjoining map of London featuring list of parishes in the County of Surrey and key to colours. The map is a later edition of Jeffrey's map of 1766, with the imprint, dedication and City arms omitted, updated to include the New Road, the first London bypass, and the roads across St. George's Fields.
=500  \\$a3rd ed.; first published in 1762, 2nd ed. issued in 1766.
=500  \\$aDedication, the City coat of arms and the imprint are omitted.
=500  \\$aCombination of two maps printed from two separate plates, each with its own title, joined make a continuous map.
=500  \\$aIncludes reference tables, list of Westminster districts, Middlesex and Surrey parishes within the bills of mortality.
=500  \\$aThe approaches to Blackfriars Bridge shown as they were finally laid out.
=500  \\$aExplanation of colouring at bottom centre.
=510  4\$aCrace, John Gregory, A catalogue of maps, plans and views of London, Westminster and Southwark collected and arranged by Frederick Crace (1878),$cno. 142, p. 28
=510  4\$aHowgego, James. Printed maps of London,$bcirca 1553-1850,$cno. 122 (3), pp. 110-111
=510  4\$aWorms, Laurence, Baynton-Williams, Ashley. British Map Engravers. A dictionary of engravers, lithographers and their principal employers,$bto 1850,$cpp. 347-351
=651  \0$aLondon (England)$vMaps$vEarly works to 1800.
=655  \7$aEarly maps.$2fast$0(OCoLC)fst01752681
=700  1\$aCrace, Frederick,$d1779-1859,$eformer owner.
=700  1\$aCrace, John Gregory,$d1809-1889,$edonor.
=852  41$aBritish Library$bMAPS$jMaps Crace Port. 4.142
=856  41$3Copy at Maps Crace Port. 4.142$uhttp://www.bl.uk/onlinegallery/onlineex/crace/a/007zzz000000004u00142000.html$yDigitised map
=985  \\$aUpgraded from georeferencer data 2022-12-16.
=985  \\$aRecord amended for WR# 13/070
=985  \\$aRecord amended for WR1606-1727
=985  \\$aUpdated by MS generated file for WR2302-017
=CAT  \\$a12842$b40$c20120627$lBLL01$h1335
=CAT  \\$aWR13_070$b00$c20130504$lBLL01$h0339
=CAT  \\$aWR13.117$c20130718$lBLL01$h1854
=CAT  \\$a12842$b40$c20130912$lBLL01$h1750
=CAT  \\$aW1606-1727$c20160825$lBLL01$h1742
=CAT  \\$a14185$b40$c20221218$lBLL01$h1914
=CAT  \\$a14185$b40$c20221219$lBLL01$h0931
=CAT  \\$aW2302-0174$c20230223$lBLL01$h1959
=FIN  \\$aY$d20120627
=FMT  \\$a  MP
=LAS  \\$aW2302-0174$b00$c20230223$lBLL01$h1959

