=LDR  03308cem a2200541 a 4500
=001  016113204
=003  Uk
=005  20221219092546.0
=007  aj\aanzn
=008  120628s1775\\\\enk||||||\a\\\\\0\\\eng|\
=034  1\$aa$dW0015015$eW0015729$fN0513221$gN0512935$2bound
=040  \\$aUk$beng$cUk$dUk
=042  \\$aukblsr
=082  04$a912.421$223
=100  1\$aKitchin, Thomas,$d-1784.
=245  12$aA new and correct plan of the cities of London, Westminster and borough of Southwark :$bwherein all the streets, roads, churches, public buildings &c. to the present year 1775 are exactly delineated.
=255  \\$aScale not determined$c(W 1°50'15"--W 1°57'29"/N 51°32'21"--N 51°29'35").
=260  \\$a[London] :$bpublished by T. Kitchin, engraver, No. 59 Holborn Hill,$cMarch 25th 1775.
=300  \\$a1 map :$bhand col. ;$c43 x 69 cm
=336  \\$acartographic image$2rdacontent
=337  \\$aunmediated$2rdamedia
=338  \\$asheet$2rdacarrier
=500  \\$aThe title of this map runs along the top of the plan. The city boundaries are outlined in yellow, with a key to public buildings in London and Westminster in a table at top left. A list of parishes in Middlesex and Surrey features at top right, alongside a list of city wards and prominent London buildings. An inventory of churches in the City of London appears at bottom left and bottom right. The map shows the proposed new bridge and approaches at Blackfriars and all the proposed roads across St. George's Fields in Southwark, though not as finally laid out.
=500  \\$a1st. ed; later ed. with R. Sayer's and J. Bennett's imprint published in 1777, 1780, 1781, 1783, 1784, 1785, 1786 J. Bannett's name omitted from imprint, 1787, 1788, 1789 and 1791.
=500  \\$aContains index to principal buildings and government offices, parishes, wards, liberties and districts.
=500  \\$aBlackfriars Bridge shown and named but roads accross St George's Fields not exactly as finally laid out.
=500  \\$aCity of London outlined in colour.
=510  4\$aCrace, John Gregory, A catalogue of maps, plans and views of London, Westminster and Southwark collected and arranged by Frederick Crace (1878),$cno. 144, p. 28
=510  4\$aHowgego, James. Printed maps of London,$bcirca 1553-1850,$cno. 163 (1), pp. 130-131
=651  \0$aLondon (England)$vMaps$vEarly works to 1800.
=700  1\$aCrace, Frederick,$d1779-1859,$eformer owner.
=700  1\$aCrace, John Gregory,$d1809-1889,$edonor.
=852  41$aBritish Library$bMAPS$jMaps Crace Port. 4.144
=856  41$3Copy at Maps Crace Port. 4.144$uhttp://www.bl.uk/onlinegallery/onlineex/crace/a/007zzz000000004u00144000.html$yDigitised map
=985  \\$aUpgraded from georeferencer data 2022-12-16.
=985  \\$aRecord amended for WR# 13/070
=985  \\$aRecord amended for WR1606-1727
=CAT  \\$a12842$b40$c20120628$lBLL01$h1702
=CAT  \\$a12842$b40$c20120703$lBLL01$h1138
=CAT  \\$aWR13_070$b00$c20130504$lBLL01$h0339
=CAT  \\$aWR13.117$c20130718$lBLL01$h1854
=CAT  \\$a12842$b40$c20130913$lBLL01$h1542
=CAT  \\$aW1606-1727$c20160825$lBLL01$h1742
=CAT  \\$a14185$b40$c20221218$lBLL01$h1914
=CAT  \\$a14185$b40$c20221219$lBLL01$h0925
=FIN  \\$aY$d20120628
=FMT  \\$a  MP
=LAS  \\$a14185$b40$c20221219$lBLL01$h0925

