=LDR  03445cem a2200601 a 4500
=001  016113683
=003  Uk
=005  20230223161619.0
=007  aj\aanzn
=008  120629s1775\\\\enk||||||\a\\\\\0\\\eng|\
=034  1\$aa$dW0014951$eW0015754$fN0513211$gN0512926$2bound
=040  \\$aUk$beng$cUk$dUk
=042  \\$aukblsr
=082  04$a912.421$223
=100  1\$aJefferys, Thomas,$d1755-
=245  12$aA plan of the cities of London and Westminster, with borough of Southwark /$cengraved by Jefferys and Faden, Geographers to the King. 1775.
=255  \\$aScale not determined$c(W 1°49'51"--W 1°57'54"/N 51°32'11"--N 51°29'26").
=260  \\$aLondon :$bpublished by Jefferys & Faden, Corner of St. Martins Lane, Charing Cross,$c20th April 1775.
=300  \\$a1 map ;$c31 x 54 cm
=336  \\$acartographic image$2rdacontent
=337  \\$aunmediated$2rdamedia
=338  \\$asheet$2rdacarrier
=500  \\$aThe border of this folding map is divided in degrees of latitude and longitude with a scale bar at bottom right. The title of the map is in a panel below the plan with the arms of the City, flanked by the arms of Westminster (left) and Bridge House (right). Bridge House was responsible for the upkeep and maintenance of all bridges within the City of London. A freeman with the Clothworkers Company, William Faden became Jeffrey's business partner in the 1770s, taking control of the publishing and printing business on Jeffrey's death.
=500  \\$a1st ed.; later published in 1780, 1781 and 1782.
=500  \\$aWith coat of arms of city of London with supporters, arms of city of Westminster and Bridge House sign.
=500  \\$aThe border divided into miles from the meridian and paralel of St. Paul's.
=510  4\$aCrace, John Gregory, A catalogue of maps, plans and views of London, Westminster and Southwark collected and arranged by Frederick Crace (1878),$cno. 146, p. 28
=510  4\$aHowgego, James. Printed maps of London,$bcirca 1553-1850,$cno. 162 (1), p. 130
=510  4\$aWorms, Laurence, Baynton-Williams, Ashley. British Map Engravers. A dictionary of engravers, lithographers and their principal employers,$bto 1850,$cpp. 221-225
=651  \0$aLondon (England)$vMaps$vEarly works to 1800.
=655  \7$aEarly maps.$2fast$0(OCoLC)fst01752681
=700  1\$aCrace, Frederick,$d1779-1859,$eformer owner.
=700  1\$aCrace, John Gregory,$d1809-1889,$edonor.
=700  1\$aFaden, William,$d1749-1836.
=852  41$aBritish Library$bMAPS$jMaps Crace Port. 4.146
=856  41$3Copy at Maps Crace Port. 4.146$uhttp://www.bl.uk/onlinegallery/onlineex/crace/a/007zzz000000004u00146000.html$yDigitised map
=985  \\$aUpgraded from georeferencer data 2022-12-16.
=985  \\$aRecord amended for WR# 13/070
=985  \\$aRecord amended for WR1606-1727
=985  \\$aUpdated by MS generated file for WR2302-017
=CAT  \\$a12842$b40$c20120629$lBLL01$h1408
=CAT  \\$a12842$b40$c20120703$lBLL01$h1544
=CAT  \\$aWR13_070$b00$c20130504$lBLL01$h0339
=CAT  \\$aWR13.117$c20130718$lBLL01$h1854
=CAT  \\$a12842$b40$c20131001$lBLL01$h1729
=CAT  \\$a7416$b40$c20140129$lBLL01$h1011
=CAT  \\$aW1606-1727$c20160825$lBLL01$h1742
=CAT  \\$a14185$b40$c20221218$lBLL01$h1914
=CAT  \\$a14185$b40$c20221219$lBLL01$h0934
=CAT  \\$aW2302-0174$c20230223$lBLL01$h1959
=FIN  \\$aY$d20120629
=FMT  \\$a  MP
=LAS  \\$aW2302-0174$b00$c20230223$lBLL01$h1959

