=LDR  03393cem a2200589 a 4500
=001  016113793
=003  Uk
=005  20230223161619.0
=007  aj\aanzn
=008  120629q1776\\\\enk||||||\a\\\\\0\\\eng|\
=034  1\$aa$dW0014958$eW0015716$fN0513158$gN0512922$2bound
=040  \\$aUk$beng$cUk$dUk
=042  \\$aukblsr
=082  04$a912.421$223
=110  2\$aLaurie & Whittle.
=245  14$aThe London directory, or a new & improved plan of London, Westminster & Southwark :$bwith the adjacent country, the new buildings, the new road and the late alterations by opening of new streets, & widening of others.
=255  \\$aScale not determined$c(W 1°49'58"--W 1°57'16"/N 51°31'58"--N 51°29'22").
=260  \\$aLondon :$bpublished by Laurie & Whittle, 53 Fleet Street,$c[ca. 1776]
=300  \\$a1 map ;$c27 x 50 cm
=336  \\$acartographic image$2rdacontent
=337  \\$aunmediated$2rdamedia
=338  \\$asheet$2rdacarrier
=500  \\$aThe title of this folding map appears along the top. The plan shows Blackfriars Bridge, which was under construction between 1760 and 1769. There is uncertainty about the date of this map. It is very similar to the 1765 map by Robert Sayer and was probably produced from the same plate. Laurie & Whittle took over Sayer's stock in 1792, making an earlier publication date very unlikely.
=500  \\$aShould properly be dated after ca. 1792 when the firm took over Robert Sayer's stock.
=500  \\$aSimilar to map by R. Sayer first published ca. 1765 and is probably from the same plate.
=500  \\$aBlackfriars Bridge and its approaches and the Magdalen Hospital in St. George's Fields shown.
=500  \\$aTrimmed and mounted, with loss of imprint occurring below lower border.
=500  \\$aBuilt-up areas stippled in City, hatched elsewhere.
=510  4\$aCrace, John Gregory, A catalogue of maps, plans and views of London, Westminster and Southwark collected and arranged by Frederick Crace (1878),$cno. 147, p. 28
=510  4\$aHowgego, James. Printed maps of London,$bcirca 1553-1850,$cno. 166 (1), pp. 118-119
=510  4\$aWorms, Laurence, Baynton-Williams, Ashley. British Map Engravers. A dictionary of engravers, lithographers and their principal employers,$bto 1850,$cpp. 391-392
=651  \0$aLondon (England)$vMaps$vEarly works to 1800.
=655  \7$aEarly maps.$2fast$0(OCoLC)fst01752681
=700  1\$aCrace, Frederick,$d1779-1859,$eformer owner.
=700  1\$aCrace, John Gregory,$d1809-1889,$edonor.
=852  41$aBritish Library$bMAPS$jMaps Crace Port. 4.147
=856  41$3Copy at Maps Crace Port. 4.147$uhttp://www.bl.uk/onlinegallery/onlineex/crace/t/007zzz000000004u00147000.html$yDigitised map
=985  \\$aUpgraded from georeferencer data 2022-12-16.
=985  \\$aRecord amended for WR1606-1727
=985  \\$aUpdated by MS generated file for WR2302-017
=CAT  \\$a12842$b40$c20120629$lBLL01$h1601
=CAT  \\$a12842$b40$c20120709$lBLL01$h1547
=CAT  \\$aWR13.117$c20130718$lBLL01$h1854
=CAT  \\$a7416$b40$c20130731$lBLL01$h1614
=CAT  \\$a12842$b40$c20131001$lBLL01$h1731
=CAT  \\$aW1606-1727$c20160825$lBLL01$h1742
=CAT  \\$a14185$b40$c20221218$lBLL01$h1914
=CAT  \\$a14185$b40$c20221219$lBLL01$h0929
=CAT  \\$aW2302-0174$c20230223$lBLL01$h1959
=FIN  \\$aY$d20120629
=FMT  \\$a  MP
=LAS  \\$aW2302-0174$b00$c20230223$lBLL01$h1959

