=LDR  03054cem a2200577 a 4500
=001  016113801
=003  Uk
=005  20230223161619.0
=007  aj\aanzn
=008  120629s1777\\\\enk||||||\a\\\\\0\\\eng|\
=034  1\$aa$dW0014949$eW0015730$fN0513208$gN0512924$2bound
=040  \\$aUk$beng$cUk$dUk
=042  \\$aukblsr
=082  04$a912.421$223
=100  1\$aHarrison, Walter,$dactive 1777.
=245  12$aA new and complete plan of London, Westminster and Southwark :$bwith the additional buildings to the year 1777.
=255  \\$aScale not determined$c(W 1°49'49"--W 1°57'30"/N 51°32'08"--N 51°29'24").
=260  \\$a[London :$bprinted for J. Cooke, at Shakespeare's Head, in Pater-Noster-Row],$c1777.
=300  \\$a1 map ;$c26 x 50 cm
=336  \\$acartographic image$2rdacontent
=337  \\$aunmediated$2rdamedia
=338  \\$asheet$2rdacarrier
=500  \\$aThe title of this small map of London appears in a panel below the plan. The built-up of the city is stippled while other built-up areas are hatched. This map was first issued as frontispiece to Book III of Walter Harrison's 'A New and Universal History, Description and Survey of the Cities of London and Westminster', 1776.
=500  \\$aFrom A New and Universal History, description and survey of the Cities of London and Westminster, the Borough of Southwark ... by W. Harrison. Imprint taken from the title page.
=500  \\$aBuilt-up areas stippled in City, hatched elsewhere.
=510  4\$aCrace, John Gregory, A catalogue of maps, plans and views of London, Westminster and Southwark collected and arranged by Frederick Crace (1878),$cno. 148, p. 28
=510  4\$aHowgego, James. Printed maps of London,$bcirca 1553-1850,$cno. 169, pp. 133-134
=510  4\$aAdams, Bernard, London illustrated (1983),$b1604-1851,$cno. 57 (39), p. 136
=651  \0$aLondon (England)$xEarly works to 1800$vMaps.
=655  \7$aEarly maps.$2fast$0(OCoLC)fst01752681
=700  1\$aCrace, Frederick,$d1779-1859,$eformer owner.
=700  1\$aCrace, John Gregory,$d1809-1889,$edonor.
=852  41$aBritish Library$bMAPS$jMaps Crace Port. 4.148
=856  41$3Copy at Maps Crace Port. 4.148$uhttp://www.bl.uk/onlinegallery/onlineex/crace/a/007zzz000000004u00148000.html$yDigitised map
=985  \\$aUpgraded from georeferencer data 2022-12-16.
=985  \\$aRecord amended for WR# 13/070
=985  \\$aRecord amended for WR1606-1727
=985  \\$aUpdated by MS generated file for WR2302-017
=CAT  \\$a12842$b40$c20120629$lBLL01$h1642
=CAT  \\$a12842$b40$c20120709$lBLL01$h1522
=CAT  \\$aWR13_070$b00$c20130504$lBLL01$h0339
=CAT  \\$a12842$b40$c20130509$lBLL01$h1536
=CAT  \\$aWR13.117$c20130718$lBLL01$h1854
=CAT  \\$a12842$b40$c20131001$lBLL01$h1732
=CAT  \\$aW1606-1727$c20160825$lBLL01$h1742
=CAT  \\$a14185$b40$c20221218$lBLL01$h1914
=CAT  \\$a14185$b40$c20221219$lBLL01$h0925
=CAT  \\$aW2302-0174$c20230223$lBLL01$h1959
=FIN  \\$aY$d20120629
=FMT  \\$a  MP
=LAS  \\$aW2302-0174$b00$c20230223$lBLL01$h1959

