=LDR  03101cem a2200565 a 4500
=001  016116430
=003  Uk
=005  20230223161619.0
=007  aj\canzn
=008  120702q1765\\\\fr\||||||\a\\\\\1\\\fre|\
=034  1\$aa$dW0014953$eW0015750$fN0513225$gN0512932$2bound
=040  \\$aUk$beng$cUk$dUk
=041  0\$afre$aeng
=042  \\$aukblsr
=082  04$a912.421$223
=100  1\$aTardieu, Pierre François,$d1711-1771.
=245  10$aLondres :$bavec le Bourg de Southwark /$cecrit par Dubuisson.
=255  \\$aScale not determined$c(W 1°49'53"--W 1°57'50"/N 51°32'25"--N 51°29'32").
=260  \\$a[Paris,$cca. 1765]
=300  \\$a1 map :$bhand col. ;$c26 x 45 cm
=336  \\$acartographic image$2rdacontent
=337  \\$aunmediated$2rdamedia
=338  \\$asheet$2rdacarrier
=500  \\$aThis French map is coloured to distinguish land use. Open land is green and the built- up area of the city is pink and red. Blackfriars Bridge, under construction at the time this map was produced, is shown along with its proposed approaches. The intended canals from St. Marylebone to Moorfields and to Waltham Abbey are also shown. An English-to-French translation table of topographical words is included. The border is marked off in toises (a French measurement of roughly six feet).
=500  \\$a1st ed.; later published in Notice descriptive sur l'Angleterre, l'Ecosse et l'Irlande, vol. 3, 1804.
=500  \\$aIncludes index to streets and public buildings below map.
=500  \\$aTable of English and French equivalent terms bottom right.
=500  \\$aBlackfriars Bridge and suggested approach roads shown, also the 'intended canals' from St. Marylebone to Moorfields and to Waltham Abbey.
=510  4\$aCrace, John Gregory, A catalogue of maps, plans and views of London, Westminster and Southwark collected and arranged by Frederick Crace (1878),$cno. 149, p. 29
=510  4\$aHowgego, James. Printed maps of London,$bcirca 1553-1850,$cno. 139 (1), p. 119
=510  4\$aScott, Valerie. Tooley's dictionary of mapmakers Q-Z (2004),$bp. 248
=651  \0$aLondon (England)$vMaps$vEarly works to 1800.
=655  \7$aEarly maps.$2fast$0(OCoLC)fst01752681
=700  1\$aCrace, Frederick,$d1779-1859,$eformer owner.
=700  1\$aCrace, John Gregory,$d1809-1889,$edonor.
=852  41$aBritish Library$bMAPS$jMaps Crace Port. 5.149
=856  41$3Copy at Maps Crace Port. 5.149$uhttp://www.bl.uk/onlinegallery/onlineex/crace/l/007zzz000000005u00149000.html$yDigitised map
=985  \\$aUpgraded from georeferencer data 2022-12-16.
=985  \\$aRecord amended for WR1606-1727
=985  \\$aUpdated by MS generated file for WR2302-017
=CAT  \\$a12842$b40$c20120702$lBLL01$h1414
=CAT  \\$aWR13.117$c20130718$lBLL01$h1854
=CAT  \\$a12842$b40$c20131001$lBLL01$h1733
=CAT  \\$aW1606-1727$c20160825$lBLL01$h1742
=CAT  \\$a14185$b40$c20221218$lBLL01$h1913
=CAT  \\$a14185$b40$c20221219$lBLL01$h0923
=CAT  \\$aW2302-0174$c20230223$lBLL01$h1959
=FIN  \\$aY$d20120702
=FMT  \\$a  MP
=LAS  \\$aW2302-0174$b00$c20230223$lBLL01$h1959

