=LDR  02695cem a2200505 a 4500
=001  016116926
=003  Uk
=005  20230223161619.0
=007  aj\aanzn
=008  120703s1781\\\\stk||||||\a\\\\\0\\\eng|\
=034  1\$aa$dW0014952$eW0015757$fN0513210$gN0512925$2bound
=040  \\$aUk$beng$cUk$dUk
=042  \\$aukblsr
=082  04$a912.421$223
=245  04$aThe London guide or a pocket plan of the cities of London, Westminster and borough of Southwark :$bfor the Universal Scots Almanack, with the new buildings, 1781.
=255  \\$aScale not determined$c(W 1°49'52"--W 1°57'57"/N 51°32'10"--N 51°29'25").
=260  \\$a[Edinburgh],$c1781.
=300  \\$a1 map ;$c14 x 28 cm
=336  \\$acartographic image$2rdacontent
=337  \\$aunmediated$2rdamedia
=338  \\$asheet$2rdacarrier
=500  \\$aThis is a map from the Universal Scots Almanack. The area of the city is left white in comparison to the surrounding area, providing us with a rough outline of where the old London wall enclosed the city. By 1781, the date of this map, this Roman wall had been entirely demolished or built over. Most of the gates were pulled down in 1760/1. Newgate was the last to be demolished, surviving until 1777.
=500  \\$aFrom The universal Scots almanack, for the year of our Lord M,DCC,LXXXI.
=500  \\$aIncludes index to churches and prominent buildings bottom portion of plate.
=510  4\$aCrace, John Gregory, A catalogue of maps, plans and views of London, Westminster and Southwark collected and arranged by Frederick Crace (1878),$cno. 154, p. 30
=510  4\$aHowgego, James. Printed maps of London,$bcirca 1553-1850,$cno. 171, p. 135
=651  \0$aLondon (England)$vMaps$vEarly works to 1800.
=655  \7$aEarly maps.$2fast$0(OCoLC)fst01752681
=700  1\$aCrace, Frederick,$d1779-1859,$eformer owner.
=700  1\$aCrace, John Gregory,$d1809-1889,$edonor.
=852  41$aBritish Library$bMAPS$jMaps Crace Port. 5.154
=856  41$3Copy at Maps Crace Port. 5.154$uhttp://www.bl.uk/onlinegallery/onlineex/crace/t/007zzz000000005u00154000.html$yDigitised map
=985  \\$aUpgraded from georeferencer data 2022-12-16.
=985  \\$aRecord amended for WR1606-1727
=985  \\$aUpdated by MS generated file for WR2302-017
=CAT  \\$a12842$b40$c20120703$lBLL01$h1334
=CAT  \\$aWR13.117$c20130718$lBLL01$h1854
=CAT  \\$a12842$b40$c20131002$lBLL01$h1001
=CAT  \\$aW1606-1727$c20160825$lBLL01$h1742
=CAT  \\$a14185$b40$c20221218$lBLL01$h1913
=CAT  \\$a14185$b40$c20221219$lBLL01$h0919
=CAT  \\$aW2302-0174$c20230223$lBLL01$h1959
=FIN  \\$aY$d20120703
=FMT  \\$a  MP
=LAS  \\$aW2302-0174$b00$c20230223$lBLL01$h1959

