=LDR  03623cem a2200601 a 4500
=001  016116943
=003  Uk
=005  20230223161619.0
=007  aj\aanzn
=008  120703s1783\\\\enk||||||\a\\\\\0\\\eng|\
=034  1\$aa$dW0015013$eW0015718$fN0513207$gN0512918$2bound
=040  \\$aUk$beng$cUk$dUk
=042  \\$aukblsr
=082  04$a912.421$223
=100  1\$aBowles, Carington,$d1724-1793.
=245  10$aBowles's reduced new pocket plan of the cities of London and Westminster, with the borough of Southwark :$bexhibiting the new buildings to the year 1783 /$cengraved by J. Ellis, Clerkenwell.
=255  \\$aScale not determined$c(W 1°50'13"--W 1°57'18"/N 51°32'07"--N 51°29'18").
=260  \\$aLondon :$bprinted for Carington Bowles, at his map & print-warehouse, No. 69 in St. Pauls Church Yard,$c1783.
=300  \\$a1 map ;$c31 x 54 cm
=336  \\$acartographic image$2rdacontent
=337  \\$aunmediated$2rdamedia
=338  \\$asheet$2rdacarrier
=500  \\$aCarrington Bowles (1724-93) came from a family of publishers and map sellers who published a considerable body of work during a century of trading. This is the fifth edition of an original 1777 map. It includes a table of references to churches and principal buildings. The built-up areas of the City of London are stippled, with the city and county boundaries delineated by coloured lines. The scale is given in miles or furlongs in the bottom right-hand corner.
=500  \\$aFirst published in 1773; later ed. with imprint added and year in title altered to 1777, 1780, 1781, 1782, 1783 (this state), 1784, 1787, 1788, 1789, 1791, 1792, 1795, 1796, 1797, 1798 and 1799.
=500  \\$aMap is divided into squares and borders lettered for reference. Includes index to streets and public buildings, bottom portion of plate.
=500  \\$aBuilt-up areas stippled in City, hatched elsewhere.
=500  \\$aCity boundary outlined in colour.
=510  4\$aCrace, John Gregory, A catalogue of maps, plans and views of London, Westminster and Southwark collected and arranged by Frederick Crace (1878),$cno. 155, p. 30
=510  4\$aHowgego, James. Printed maps of London,$bcirca 1553-1850,$cno. 158a (5), pp. 127-128
=510  4\$aWorms, Laurence, Baynton-Williams, Ashley. British Map Engravers. A dictionary of engravers, lithographers and their principal employers,$bto 1850,$cpp. 101-102; pp. 213-214
=651  \0$aLondon (England)$vMaps$vEarly works to 1800.
=655  \7$aEarly maps.$2fast$0(OCoLC)fst01752681
=700  1\$aCrace, Frederick,$d1779-1859,$eformer owner.
=700  1\$aCrace, John Gregory,$d1809-1889,$edonor.
=700  1\$aEllis, J.$q(John),$dactive 1750-1800.
=852  41$aBritish Library$bMAPS$jMaps Crace Port. 5.155
=856  41$3Copy at Maps Crace Port. 5.155$uhttp://www.bl.uk/onlinegallery/onlineex/crace/b/007zzz000000005u00155000.html$yDigitised map
=985  \\$aUpgraded from georeferencer data 2022-12-16.
=985  \\$aRecord amended for WR# 13/070
=985  \\$aRecord amended for WR1606-1727
=985  \\$aUpdated by MS generated file for WR2302-017
=CAT  \\$a12842$b40$c20120703$lBLL01$h1351
=CAT  \\$a12842$b40$c20120706$lBLL01$h1442
=CAT  \\$aWR13_070$b00$c20130504$lBLL01$h0339
=CAT  \\$aWR13.117$c20130718$lBLL01$h1854
=CAT  \\$a12842$b40$c20131002$lBLL01$h1002
=CAT  \\$aW1606-1727$c20160825$lBLL01$h1742
=CAT  \\$a14185$b40$c20221218$lBLL01$h1913
=CAT  \\$a14185$b40$c20221219$lBLL01$h0945
=CAT  \\$aW2302-0174$c20230223$lBLL01$h1959
=FIN  \\$aY$d20120703
=FMT  \\$a  MP
=LAS  \\$aW2302-0174$b00$c20230223$lBLL01$h1959

