=LDR  02911cem a2200553 a 4500
=001  016117005
=003  Uk
=005  20230223161619.0
=007  aj\aanzn
=008  120703s1783\\\\enk||||||\a\\\\\0\\\eng|\
=034  1\$aa$dW0015014$eW0015752$fN0513206$gN0512919$2bound
=040  \\$aUk$beng$cUk$dUk
=042  \\$aukblsr
=082  04$a912.421$223
=100  1\$aCary, John,$dapproximately 1754-1835.
=245  10$aLondon, Westminster and Southwark :$baccurately delineated from the latest surveys, to which is now first added a correct list of upwards of 350 hackney coach fares from the principal stands to the most frequented places in and about the metropolis, for the year 1783 /$cengrav'd by J. Cary.
=255  \\$aScale not determined$c(W 1°50'14"--W 1°57'52"/N 51°32'06"--N 51°29'19").
=260  \\$a[London :$bpublished by J. Wallis, No. 16 Ludgate Street],$c1783.
=300  \\$a1 map ;$c31 x 55 cm
=336  \\$acartographic image$2rdacontent
=337  \\$aunmediated$2rdamedia
=338  \\$asheet$2rdacarrier
=500  \\$aFirst printed in 1782, later published in 1783 (this state), 1784, 1785, 1786 and 1787.
=500  \\$aImprint taken from Printed maps of London circa 1553-1850, by J. Howgego.
=500  \\$aIncludes index to prominent buildings, top left and right.
=510  4\$aCrace, John Gregory, A catalogue of maps, plans and views of London, Westminster and Southwark collected and arranged by Frederick Crace (1878),$cno. 156, p. 30
=510  4\$aHowgego, James. Printed maps of London,$bcirca 1553-1850,$cno. 173 (2), p. 136
=510  4\$aFrench, Josephine. Tooley's dictionary of mapmakers A-D (1999),$bp. 239
=510  4\$aWorms, Laurence, Baynton-Williams, Ashley. British Map Engravers. A dictionary of engravers, lithographers and their principal employers,$bto 1850,$cpp. 130-132
=651  \0$aLondon (England)$vMaps$vEarly works to 1800.
=655  \7$aEarly maps.$2fast$0(OCoLC)fst01752681
=700  1\$aCrace, Frederick,$d1779-1859,$eformer owner.
=700  1\$aCrace, John Gregory,$d1809-1889,$edonor.
=852  41$aBritish Library$bMAPS$jMaps Crace Port. 5.156
=856  41$3Copy at Maps Crace Port. 5.156$uhttp://www.bl.uk/onlinegallery/onlineex/crace/l/007zzz000000005u00156000.html$yDigitised map
=985  \\$aUpgraded from georeferencer data 2022-12-16.
=985  \\$aRecord amended for WR# 13/070
=985  \\$aRecord amended for WR1606-1727
=985  \\$aUpdated by MS generated file for WR2302-017
=CAT  \\$a12842$b40$c20120703$lBLL01$h1440
=CAT  \\$aWR13_070$b00$c20130504$lBLL01$h0339
=CAT  \\$aWR13.117$c20130718$lBLL01$h1854
=CAT  \\$a12842$b40$c20131002$lBLL01$h1004
=CAT  \\$aW1606-1727$c20160825$lBLL01$h1742
=CAT  \\$a14185$b40$c20221218$lBLL01$h1913
=CAT  \\$aW2302-0174$c20230223$lBLL01$h1959
=FIN  \\$aY$d20120703
=FMT  \\$a  MP
=LAS  \\$aW2302-0174$b00$c20230223$lBLL01$h1959

