=LDR  02845cem a2200541 a 4500
=001  016117058
=003  Uk
=005  20230223161619.0
=007  aj\aanzn
=008  120703s1785\\\\enk||||||\a\\\\\0\\\eng|\
=034  1\$aa$dW0015001$eW0015754$fN0513234$gN0512854$2bound
=040  \\$aUk$beng$cUk$dUk
=042  \\$aukblsr
=082  04$a912.421$223
=100  1\$aFaden, William,$d1749-1836.
=245  12$aA plan of the cities of London & Westminster, the borough of Southwark :$band their suburbs /$cby William Faden; Geogr. to the King MDCCLXXXV ; engraved by W. Palmer.
=255  \\$aScale not determined$c(W 1°50'01"--W 1°57'54"/N 51°32'34"--N 51°28'54").
=260  \\$aLondon :$bpublished by Wm. Faden, Charing Cross,$cFeby 7th 1785.
=300  \\$a1 map ;$c51 x 71 cm
=336  \\$acartographic image$2rdacontent
=337  \\$aunmediated$2rdamedia
=338  \\$asheet$2rdacarrier
=500  \\$aThe title of this map is arranged in an ornamental surround in which reclines the figure of Thamesis. Cross-hatching and stippling are used to distinguish land use, with differentiation made between fields and park land. Hyde Park features prominently on the plan.
=500  \\$aVarious types of hatchning and stippling used but without explanation.
=500  \\$aBorders lettered and numbered for reference.
=510  4\$aCrace, John Gregory, A catalogue of maps, plans and views of London, Westminster and Southwark collected and arranged by Frederick Crace (1878),$cno. 159, p. 30
=510  4\$aHowgego, James. Printed maps of London,$bcirca 1553-1850,$cno. 180, p. 139
=510  4\$aWorms, Laurence, Baynton-Williams, Ashley. British Map Engravers. A dictionary of engravers, lithographers and their principal employers,$bto 1850,$cpp. 512-513
=651  \0$aLondon (England)$vMaps$vEarly works to 1800.
=655  \7$aEarly maps.$2fast$0(OCoLC)fst01752681
=700  1\$aCrace, Frederick,$d1779-1859,$eformer owner.
=700  1\$aCrace, John Gregory,$d1809-1889,$edonor.
=700  1\$aPalmer, W.$q(William),$d1739-1812.
=852  41$aBritish Library$bMAPS$jMaps Crace Port. 5.159
=856  41$3Copy at Maps Crace Port. 5.159$uhttp://www.bl.uk/onlinegallery/onlineex/crace/a/007000000000005u00159000.html$yDigitised map
=985  \\$aUpgraded from georeferencer data 2022-12-16.
=985  \\$aRecord amended for WR1606-1727
=985  \\$aUpdated by MS generated file for WR2302-017
=CAT  \\$a12842$b40$c20120703$lBLL01$h1602
=CAT  \\$aWR13.117$c20130718$lBLL01$h1854
=CAT  \\$a12842$b40$c20131002$lBLL01$h1021
=CAT  \\$aW1606-1727$c20160825$lBLL01$h1742
=CAT  \\$a14185$b40$c20221218$lBLL01$h1913
=CAT  \\$a14185$b40$c20221219$lBLL01$h0927
=CAT  \\$aW2302-0174$c20230223$lBLL01$h1959
=FIN  \\$aY$d20120703
=FMT  \\$a  MP
=LAS  \\$aW2302-0174$b00$c20230223$lBLL01$h1959

