=LDR  02852cem a2200589 a 4500
=001  016117080
=003  Uk
=005  20230223161619.0
=007  aj\canzn
=008  120703s1786\\\\enk||||||\a\\\\\0\\\eng|\
=034  1\$aa$dW0014945$eW0015758$fN0513213$gN0512920$2bound
=040  \\$aUk$beng$cUk$dUk
=042  \\$aukblsr
=082  04$a912.421$223
=100  1\$aFielding, John,$dactive 1782-1786,$epublisher.
=245  12$aA plan of the cities of London, Westminster and borough of Southwark :$bwith the new buildings to the year 1786 /$cJ. Cary sc.
=255  \\$aScale not determined$c(W 1°49'45"--W 1°57'58"/N 51°32'13"--N 51°29'20").
=260  \\$aLondon :$bpublished by I. Fielding, No. 23, Pater-noster Row,$cFeby. 2 1786.
=300  \\$a1 map :$bhand col. ;$c14 x 28 cm
=336  \\$acartographic image$2rdacontent
=337  \\$aunmediated$2rdamedia
=338  \\$asheet$2rdacarrier
=500  \\$a2nd. ed.; first published in The stranger's guide ..., 1782.
=500  \\$aRiver and open spaces coloured.
=510  4\$aCrace, John Gregory, A catalogue of maps, plans and views of London, Westminster and Southwark collected and arranged by Frederick Crace (1878),$cno. 160, p. 30
=510  4\$aHowgego, James. Printed maps of London,$bcirca 1553-1850,$cno. 175 (2), p. 137
=510  4\$aFrench, Josephine. Tooley's dictionary of mapmakers A-D (1999),$bp. 239
=510  4\$aFrench, Josephine. Tooley's dictionary of mapmakers E-J (2001),$bp. 65-66
=510  4\$aWorms, Laurence, Baynton-Williams, Ashley. British Map Engravers. A dictionary of engravers, lithographers and their principal employers,$bto 1850,$cpp. 130-132
=651  \0$aLondon (England)$vMaps$vEarly works to 1800.
=655  \7$aEarly maps.$2fast$0(OCoLC)fst01752681
=700  1\$aCary, John,$dapproximately 1754-1835.
=700  1\$aCrace, Frederick,$d1779-1859,$eformer owner.
=700  1\$aCrace, John Gregory,$d1809-1889,$edonor.
=852  41$aBritish Library$bMAPS$jMaps Crace Port. 5.160
=856  41$3Copy at Maps Crace Port. 5.160$uhttp://www.bl.uk/onlinegallery/onlineex/crace/a/007zzz000000005u00160000.html$yDigitised map
=985  \\$aUpgraded from georeferencer data 2022-12-16.
=985  \\$a100=NEW
=985  \\$aRecord amended for WR# 13/070
=985  \\$aRecord amended for WR1606-1727
=985  \\$aUpdated by MS generated file for WR2302-017
=CAT  \\$a12842$b40$c20120703$lBLL01$h1640
=CAT  \\$aWR13_070$b00$c20130504$lBLL01$h0339
=CAT  \\$aWR13_070C$c20130611$lBLL01$h1859
=CAT  \\$aWR13.117$c20130718$lBLL01$h1854
=CAT  \\$a12842$b40$c20131002$lBLL01$h1025
=CAT  \\$aW1606-1727$c20160825$lBLL01$h1742
=CAT  \\$a14185$b40$c20221218$lBLL01$h1913
=CAT  \\$aW2302-0174$c20230223$lBLL01$h1959
=FIN  \\$aY$d20120703
=FMT  \\$a  MP
=LAS  \\$aW2302-0174$b00$c20230223$lBLL01$h1959

