=LDR  03775cem a2200577 a 4500
=001  016119152
=003  Uk
=005  20230223161620.0
=007  aj\canzn
=008  120704s1790\\\\enk||||||\a\\\\\0\\\eng|\
=034  1\$aa$dW0015000$eW0015737$fN0513155$gN0512937$2bound
=040  \\$aUk$beng$cUk$dUk
=042  \\$aukblsr
=082  04$a912.421$223
=100  1\$aFaden, William,$d1749-1836.
=245  12$aA new pocket plan of the cities of London & Westminster; with the borough of Southwark :$bcomprehending the new buildings and other alterations to the year 1790.
=255  \\$aScale not determined$c(W 1°50'00"--W 1°57'37"/N 51°31'55"--N 51°29'37").
=260  \\$aLondon :$bprinted for Willm. Faden, Geographer to the King, Charing Cross,$c1790.
=300  \\$a1 map :$bhand col. ;$c43 x 89 cm
=336  \\$acartographic image$2rdacontent
=337  \\$aunmediated$2rdamedia
=338  \\$asheet$2rdacarrier
=500  \\$aThis is the third edition of William Faden's 1787 map, which was printed 11 times over a period of 25 years. Faden called himself "Geographer to the King", and was very interested the work of the Ordnance Survey. In 1800 he published 'An account of the operations carried on for accomplishing a trigonometrical survey of England and Wales'. Faden's skill as a cartographer was so well-noted that his map of 'The Country Twenty-Five Miles round London' was re-engraved for the French War Department in preparation for an invasion of England. This map includes a list of Surrey Parishes within the Bills of Mortality, an area of 109 parishes in and near London from which a weekly report of deaths was collated. Westminster is divided into 12 districts, each indicated by coloured boundaries.
=500  \\$aFirst printed in 1787; later ed. with year in title altered to 1789, 1790 (this state), 1797, 1801, 1802, 1803, 1805, 1807, 1812 and 1815.
=500  \\$aIncludes list of Westminster, Middlesex and Surrey parishes within the bills of mortality.
=500  \\$aMap is divided into squares and borders marked off in miles and furlongs north, south, east and west of St. Pauls.
=500  \\$aBoundaries shown in colour; City of London outlined in red.
=510  4\$aCrace, John Gregory, A catalogue of maps, plans and views of London, Westminster and Southwark collected and arranged by Frederick Crace (1878),$cno. 164, p. 31
=510  4\$aHowgego, James. Printed maps of London,$bcirca 1553-1850,$cno. 186 (3), pp. 147-148
=510  4\$aWorms, Laurence, Baynton-Williams, Ashley. British map engravers: a dictionary of engravers, lithographers and their principal employers,$bto 1850,$cpp. 221-225
=651  \0$aLondon (England)$vMaps$vEarly works to 1800.
=655  \7$aEarly maps.$2fast$0(OCoLC)fst01752681
=700  1\$aCrace, Frederick,$d1779-1859,$eformer owner.
=700  1\$aCrace, John Gregory,$d1809-1889,$edonor.
=852  41$aBritish Library$bMAPS$jMaps Crace Port. 5.164
=856  41$3Copy at Maps Crace Port. 5.164$uhttp://www.bl.uk/onlinegallery/onlineex/crace/a/007000000000005u00164000.html$yDigitised map
=985  \\$aUpgraded from georeferencer data 2022-12-16.
=985  \\$aRecord amended for WR1606-1727
=985  \\$aUpdated by MS generated file for WR2302-017
=CAT  \\$a12842$b40$c20120704$lBLL01$h1314
=CAT  \\$a12842$b40$c20120704$lBLL01$h1512
=CAT  \\$a12842$b40$c20120710$lBLL01$h1040
=CAT  \\$aWR13.117$c20130718$lBLL01$h1854
=CAT  \\$a12842$b40$c20131002$lBLL01$h1035
=CAT  \\$aW1606-1727$c20160825$lBLL01$h1742
=CAT  \\$a14185$b40$c20221218$lBLL01$h1913
=CAT  \\$a14185$b40$c20221219$lBLL01$h0904
=CAT  \\$aW2302-0174$c20230223$lBLL01$h1959
=FIN  \\$aY$d20120704
=FMT  \\$a  MP
=LAS  \\$aW2302-0174$b00$c20230223$lBLL01$h1959

