=LDR  02709cem a2200529 a 4500
=001  016119407
=003  Uk
=005  20230223161620.0
=007  aj\aanzn
=008  120620s1761\\\\enk||||||\a\\\\\0\\\eng|\
=034  1\$aa$dW0015037$eW0015711$fN0513157$gN0512933$2bound
=040  \\$aUk$beng$cUk$dUk
=042  \\$aukblsr
=082  04$a912.421$223
=245  03$a[A correct plan of the] cities of London & Westminster & borough of Southwark, including the bills of mortality :$bwith the additional buildings &c.
=255  \\$aScale not determined$c(W 1°50'37"--W 1°57'11"/N 51°31'57"--N 51°29'33").
=260  \\$a[London],$c1761.
=300  \\$a1 map ;$c22 x 40 cm
=336  \\$acartographic image$2rdacontent
=337  \\$aunmediated$2rdamedia
=338  \\$asheet$2rdacarrier
=500  \\$aThis map of London was published as a supplement to Vol. 30 of the 'London Magazine' in 1761. Attributed to John Rocque, the map's title features in panel below the plan with the publisher's imprint along the top. The Bills of Mortality referred to in the title were the areas in Greater London that reported death notices directly to the London government.
=500  \\$aIncluded in the Crace Collection but not listed in the Catalogue of maps, plans and views of London, Westminster and Southwark collected and arranged by Frederick Crace, published in 1878.
=500  \\$aFrom the London Magazine, 1761. Issued as a supplement to vol. 30.
=510  4\$aHowgego, James. Printed maps of London,$bcirca 1553-1850,$cno. 120, p. 110
=651  \0$aLondon (England)$vMaps$vEarly works to 1800.
=655  \7$aEarly maps.$2fast$0(OCoLC)fst01752681
=700  1\$aCrace, Frederick,$d1779-1859,$eformer owner.
=700  1\$aCrace, John Gregory,$d1809-1889,$edonor.
=700  1\$aRocque, John,$d-1762.
=852  41$aBritish Library$bMAPS$jMaps Crace Port. 4.118.(2.)
=856  41$3Copy at Maps Crace Port. 4.118.(2.)$uhttp://www.bl.uk/onlinegallery/onlineex/crace/a/007zzz000000004u001180b0.html$yDigitised map
=985  \\$aUpgraded from georeferencer data 2022-12-16.
=985  \\$aRecord amended for WR# 13/070
=985  \\$aRecord amended for WR1606-1727
=985  \\$aUpdated by MS generated file for WR2302-017
=CAT  \\$a12842$b40$c20120704$lBLL01$h1543
=CAT  \\$aWR13_070$b00$c20130504$lBLL01$h0339
=CAT  \\$aWR13.117$c20130718$lBLL01$h1854
=CAT  \\$a12842$b40$c20130912$lBLL01$h1307
=CAT  \\$aW1606-1727$c20160825$lBLL01$h1742
=CAT  \\$a14185$b40$c20221218$lBLL01$h1913
=CAT  \\$a14185$b40$c20221219$lBLL01$h0859
=CAT  \\$aW2302-0174$c20230223$lBLL01$h1959
=FIN  \\$aY$d20120704
=FMT  \\$a  MP
=LAS  \\$aW2302-0174$b00$c20230223$lBLL01$h1959

