=LDR  03803cem a2200565 a 4500
=001  016119625
=003  Uk
=005  20230223161620.0
=007  aj\aanzn
=008  120705s1790\\\\enk||||||\a\\\\\1\\\eng|\
=034  1\$aa$b15850$dW0014920$eW0015759$fN0513208$gN0512919$2bound
=040  \\$aUk$beng$cUk$dUk
=042  \\$aukblsr
=082  04$a912.421$223
=100  1\$aCary, John,$dapproximately 1754-1835.
=245  10$aCary's new pocket plan of London, Westminster and Southwark :$bwith all the adjacent buildings in St. George's Fields &c. &c. to which are annexed (from authority) the exact boundary of the Rules of the King's Bench Prison ; the situation of the Receiving Houses of the General & Penny Post Offices ; references to the public buildings &c. also a correct lift of upwards of 350 hackney coach fares.
=255  \\$aScale approximately 1:15,850$c(W 1°49'20"--W 1°57'59"/N 51°32'08"--N 51°29'19").
=260  \\$aLondon :$bPrinted for J. Cary, Engraver, Map & Printseller, No. 188, Strand,$cJany 1, 1790.
=300  \\$a1 map ;$c31 x 50 cm
=336  \\$acartographic image$2rdacontent
=337  \\$aunmediated$2rdamedia
=338  \\$asheet$2rdacarrier
=500  \\$aPocket plans were made popular by publisher Thomas Bowles in the 1730s. This plan, engraved by the prolific John Cary, was published 18 times. This is the first edition. It includes a list of the receiving houses appointed by the General and Penny Post Offices and a table of Hackney coach fares. The postal service in London was largely developed by William Dockwra, who responded to the demand for local letter delivery in London: non-existent until 1680, except by private messenger. Dockwra opened nearly 500 receiving houses where letters were sorted for delivering, costing the user one penny. So successful was this system that it was taken over by the General Post Office after two years.
=500  \\$a1st ed.; later published in 1791, 1792, 1793, 1795, 1796, 179, 1800, 1801, 1802, 1803, 1805, 1806, 1808, 1809, 1811, 1813, 1819, 1825, 1828, 1830 and 1836.
=500  \\$aAddress in imprint corrected to 188 Strand.
=500  \\$aWith lists of Penny Post Receiving Houses, hackney coach fares and public buildings.
=510  4\$aCrace, John Gregory, A catalogue of maps, plans and views of London, Westminster and Southwark collected and arranged by Frederick Crace (1878),$cno. 165, p. 31
=510  4\$aHowgego, James. Printed maps of London,$bcirca 1553-1850,$cno. 192 (1a), pp. 152-153
=510  4\$aWorms, Laurence, Baynton-Williams, Ashley. British map engravers: a dictionary of engravers, lithographers and their principal employers,$bto 1850,$cpp. 130-132
=651  \0$aLondon (England)$vMaps$vEarly works to 1800.
=655  \7$aEarly maps.$2fast$0(OCoLC)fst01752681
=700  1\$aCrace, Frederick,$d1779-1859,$eformer owner.
=700  1\$aCrace, John Gregory,$d1809-1889,$edonor.
=852  41$aBritish Library$bMAPS$jMaps Crace Port. 5.165
=856  41$3Copy at Maps Crace Port. 5.165$uhttp://www.bl.uk/onlinegallery/onlineex/crace/c/007zzz000000005u00165000.html$yDigitised map
=985  \\$aUpgraded from georeferencer data 2022-12-16.
=985  \\$aRecord amended for WR# 13/070
=985  \\$aRecord amended for WR1606-1727
=985  \\$aUpdated by MS generated file for WR2302-017
=CAT  \\$a12842$b40$c20120705$lBLL01$h1135
=CAT  \\$aWR13_070$b00$c20130504$lBLL01$h0339
=CAT  \\$aWR13.117$c20130718$lBLL01$h1854
=CAT  \\$a12842$b40$c20131002$lBLL01$h1042
=CAT  \\$aW1606-1727$c20160825$lBLL01$h1742
=CAT  \\$a14185$b40$c20221218$lBLL01$h1913
=CAT  \\$a14185$b40$c20221219$lBLL01$h0936
=CAT  \\$aW2302-0174$c20230223$lBLL01$h1959
=FIN  \\$aY$d20120705
=FMT  \\$a  MP
=LAS  \\$aW2302-0174$b00$c20230223$lBLL01$h1959

