=LDR  03421cem a2200589 a 4500
=001  016119846
=003  Uk
=005  20230223161620.0
=007  aj\aanzn
=008  120705s1791\\\\enk||||||\a\\\\\0\\\eng|\
=034  1\$aa$b9850$dW0014942$eW0015834$fN0513329$gN0512807$2bound
=040  \\$aUk$beng$cUk$dUk
=042  \\$aukblsr
=082  04$a912.421$223
=100  1\$aBowles, Carington,$d1724-1793.
=245  10$aBowles's new plan of London, Westminster and Southwark :$bwith their environs to the extent of three miles round St. Paul's.
=255  \\$aScale approximately 1:9,850$c(W 1°49'42"--W 1°58'34"/N 51°33'29"--N 51°28'07").
=260  \\$aLondon :$bprinted for the Proprietor Carington Bowles, No. 69, St. Paul's Church Yard,$c4 June 1791.
=300  \\$a1 map :$bhand col. ;$c102 cm. in diam.
=336  \\$acartographic image$2rdacontent
=337  \\$aunmediated$2rdamedia
=338  \\$asheet$2rdacarrier
=500  \\$aThe Bowles family were prolific publishers and their output spans more than a century. This map is relatively unusual as it is presented in a circle. The map is divided by lines into square miles. In the margins of the sheet are reference tables and adverts for coming publications. Baker Street, laid out from 1755 on, is shown by a pecked line, as is Gloucester Street.
=500  \\$aContains dedication to the Lord Major, the Court of Aldermen and Common Council of the City of London.
=500  \\$aFirst published in 1790; later ed. 1791 (this state), 1793, ca. 1796 and ca. 1806.
=500  \\$aMap divided by lines into square miles.
=500  \\$aWith tables of reference to churches, chapels and hospitals upper left and right; index to public buildings, offices, halls etc. bottom left and right.
=500  \\$aRiver, major streets and open spaces coloured; City of London outlined in red.
=510  4\$aCrace, John Gregory, A catalogue of maps, plans and views of London, Westminster and Southwark collected and arranged by Frederick Crace (1878),$cno. 168, p. 32
=510  4\$aHowgego, James. Printed maps of London,$bcirca 1553-1850,$cno. 191 (2), p. 151
=510  4\$aWorms, Laurence, Baynton-Williams, Ashley. British map engravers: a dictionary of engravers, lithographers and their principal employers,$bto 1850,$cpp. 101-102
=651  \0$aLondon (England)$vMaps$vEarly works to 1800.
=655  \7$aEarly maps.$2fast$0(OCoLC)fst01752681
=700  1\$aCrace, Frederick,$d1779-1859,$eformer owner.
=700  1\$aCrace, John Gregory,$d1809-1889,$edonor.
=852  41$aBritish Library$bMAPS$jMaps Crace Port. 5.168
=856  41$3Copy at Maps Crace Port. 5.168$uhttp://www.bl.uk/onlinegallery/onlineex/crace/b/007000000000005u00168000.html$yDigitised map
=985  \\$aUpgraded from georeferencer data 2022-12-16.
=985  \\$aRecord amended for WR1606-1727
=985  \\$aUpdated by MS generated file for WR2302-017
=CAT  \\$a12842$b40$c20120705$lBLL01$h1530
=CAT  \\$a12842$b40$c20120705$lBLL01$h1533
=CAT  \\$a12842$b40$c20120705$lBLL01$h1545
=CAT  \\$aWR13.117$c20130718$lBLL01$h1854
=CAT  \\$a12842$b40$c20131002$lBLL01$h1056
=CAT  \\$aW1606-1727$c20160825$lBLL01$h1742
=CAT  \\$a14185$b40$c20221218$lBLL01$h1913
=CAT  \\$a14185$b40$c20221219$lBLL01$h0933
=CAT  \\$aW2302-0174$c20230223$lBLL01$h1959
=FIN  \\$aY$d20120705
=FMT  \\$a  MP
=LAS  \\$aW2302-0174$b00$c20230223$lBLL01$h1959

