=LDR  02619cem a2200505 a 4500
=001  016119885
=003  Uk
=005  20230223161620.0
=007  aj\aanzn
=008  120705s1792\\\\enk||||||\a\\\\\0\\\eng|\
=034  1\$aa$b16150$dW0014957$eW0015753$fN0513207$gN0512920$2bound
=040  \\$aUk$beng$cUk$dUk
=042  \\$aukblsr
=082  04$a912.421$223
=100  1\$aNeele, Samuel John,$d1758-1824.
=245  12$aA new & accurate plan of the cities of London, Westminster, & borough of Southwark :$bwith the out parts & new buildings, completed to the year 1792 /$c[engraved by S. Neele].
=255  \\$aScale approximately 1:16,150$c(W 1°49'57"--W 1°57'53"/N 51°32'07"--N 51°29'20").
=260  \\$a[London :$bpublished by P. Barfoot & J. Wilkes, & sold at the British Directory Office, Ave Maria Lane & Champante & Whitrow Jewry Street],$c1792.
=300  \\$a1 map ;$c30 x 55 cm
=336  \\$acartographic image$2rdacontent
=337  \\$aunmediated$2rdamedia
=338  \\$asheet$2rdacarrier
=500  \\$aSamuel Neele came from a family of engravers. This map was issued twice in two years with no discernible difference between editions, except the date in the title. This is the second edition. It has been cropped and thus is missing its imprint.
=500  \\$a2nd. ed.; first published in 1791.
=510  4\$aCrace, John Gregory, A catalogue of maps, plans and views of London, Westminster and Southwark collected and arranged by Frederick Crace (1878),$cno. 170, p. 32
=510  4\$aHowgego, James. Printed maps of London,$bcirca 1553-1850,$cno. 196 (2), pp. 154-155
=651  \0$aLondon (England)$vMaps$vEarly works to 1800.
=655  \7$aEarly maps.$2fast$0(OCoLC)fst01752681
=700  1\$aCrace, Frederick,$d1779-1859,$eformer owner.
=700  1\$aCrace, John Gregory,$d1809-1889,$edonor.
=852  41$aBritish Library$bMAPS$jMaps Crace Port. 5.170
=856  41$3Copy at Maps Crace Port. 5.170$uhttp://www.bl.uk/onlinegallery/onlineex/crace/a/007zzz000000005u00170000.html$yDigitised map
=985  \\$aUpgraded from georeferencer data 2022-12-16.
=985  \\$aRecord amended for WR1606-1727
=985  \\$aUpdated by MS generated file for WR2302-017
=CAT  \\$a12842$b40$c20120705$lBLL01$h1625
=CAT  \\$aWR13.117$c20130718$lBLL01$h1854
=CAT  \\$a12842$b40$c20131002$lBLL01$h1102
=CAT  \\$aW1606-1727$c20160825$lBLL01$h1742
=CAT  \\$a14185$b40$c20221218$lBLL01$h1913
=CAT  \\$a14185$b40$c20221219$lBLL01$h0936
=CAT  \\$aW2302-0174$c20230223$lBLL01$h1959
=FIN  \\$aY$d20120705
=FMT  \\$a  MP
=LAS  \\$aW2302-0174$b00$c20230223$lBLL01$h1959

