=LDR  03258cem a2200529 a 4500
=001  016119922
=003  Uk
=005  20230223161620.0
=007  aj\aanzn
=008  120705s1794\\\\enk||||||\a\\\\\1\\\eng|\
=034  1\$aa$b16150$dW0015009$eW0015726$fN0513218$gN0512917$2bound
=040  \\$aUk$beng$cUk$dUk
=042  \\$aukblsr
=082  04$a912.421$223
=100  1\$aHarris, John,$epublisher.
=245  10$aHarris's plan of London, Westminster and the borough of Southwark :$bwith all the additional streets, squares &c.; also the improved roads, to the year 1794.
=255  \\$aScale approximately 1:16,150$c(W 1°50'09"--W 1°57'26"/N 51°32'18"--N 51°29'17").
=260  \\$a[London :$bprinted for John Harris, map and printseller, No. 3, Sweetings Alley, Cornhill],$c1794.
=300  \\$a1 map ;$c33 x 52 cm
=336  \\$acartographic image$2rdacontent
=337  \\$aunmediated$2rdamedia
=338  \\$asheet$2rdacarrier
=500  \\$aThis map is the seventh edition of an original plan of 1779. Differences between the fifth and sixth edition five suggest that the plate was re-engraved, at least in parts, as additional buildings appear in the sixth edition, dating from 1791. This edition claims to show London as it was in 1794, although no discernible features distinguish it from the previous edition. An alphanumeric table of references and a grid of half-mile squares aids orientation. A small diagram in the bottom right corner instructs the user on how to use the grid. The bottom margin has been trimmed away, removing the print seller's imprint.
=500  \\$aFirst published in 1779; later ed. printed in 1780, 1785, 1789, 1790, 1791, 1794 (this state), 1797, 1800 and 1801.
=500  \\$aMap is divided into half mile squares and borders lettered for reference. Includes index to churches and public buildings, bottom portion of plate.
=510  4\$aCrace, John Gregory, A catalogue of maps, plans and views of London, Westminster and Southwark collected and arranged by Frederick Crace (1878),$cno. 172, p. 33
=510  4\$aHowgego, James. Printed maps of London,$bcirca 1553-1850,$cno. 170 (7), pp. 134-135
=510  4\$aFrench, Josephine. Tooley's dictionary of mapmakers E-J (2001),$bp. 273
=651  \0$aLondon (England)$vMaps$vEarly works to 1800.
=655  \7$aEarly maps.$2fast$0(OCoLC)fst01752681
=700  1\$aCrace, Frederick,$d1779-1859,$eformer owner.
=700  1\$aCrace, John Gregory,$d1809-1889,$edonor.
=852  41$aBritish Library$bMAPS$jMaps Crace Port. 5.172
=856  41$3Copy at Maps Crace Port. 5.172$uhttp://www.bl.uk/onlinegallery/onlineex/crace/h/007zzz000000005u00172000.html$yDigitised map
=985  \\$aUpgraded from georeferencer data 2022-12-16.
=985  \\$aRecord amended for WR1606-1727
=985  \\$aUpdated by MS generated file for WR2302-017
=CAT  \\$a12842$b40$c20120705$lBLL01$h1724
=CAT  \\$aWR13.117$c20130718$lBLL01$h1854
=CAT  \\$a12842$b40$c20131002$lBLL01$h1105
=CAT  \\$aW1606-1727$c20160825$lBLL01$h1742
=CAT  \\$a14185$b40$c20221218$lBLL01$h1913
=CAT  \\$a14185$b40$c20221219$lBLL01$h0900
=CAT  \\$aW2302-0174$c20230223$lBLL01$h1959
=FIN  \\$aY$d20120705
=FMT  \\$a  MP
=LAS  \\$aW2302-0174$b00$c20230223$lBLL01$h1959

