=LDR  03033cem a2200565 a 4500
=001  016120223
=003  Uk
=005  20230223161620.0
=007  aj\canzn
=008  120706s1792\\\\enk||||||\a\\\\\1\\\eng|\
=034  1\$aa$b9740$dW0014749$eW0015839$fN0513253$gN0512840$2bound
=040  \\$aUk$beng$cUk$dUk
=042  \\$aukblsr
=082  04$a912.421$223
=100  1\$aCary, John,$dapproximately 1754-1835.
=245  10$aCary's new and accurate plan of London and Westminster, the borough of Southwark and parts adjacent :$bviz. Kensington, Chelsea, Islington, Hackney, Walworth, Newington, &c. with an alphabetical list of 500 of the most principal streets with references to their situation.
=255  \\$aScale approximately 1:9,740$c(W 1°47'49"--W 1°58'39"/N 51°32'53"--N 51°28'40").
=260  \\$aLondon :$bprinted for Ino. Cary, map & print-seller, No. 188, corner of Arundel Street, Strand,$cJany. 1, 1792.
=300  \\$a1 map :$bhand col. ;$c74 x 123 cm
=336  \\$acartographic image$2rdacontent
=337  \\$aunmediated$2rdamedia
=338  \\$asheet$2rdacarrier
=500  \\$a3rd ed.; first printed in 1787.
=500  \\$aMap is divided into squares and borders lettered for reference.
=500  \\$aIncludes index to churches and prominent buildings, and reference table to major streets.
=500  \\$aRiver, major streets and open spaces coloured; City of London outlined in red.
=500  \\$aLambeth Road and London Roads named and development shown in Somers Town.
=510  4\$aCrace, John Gregory, A catalogue of maps, plans and views of London, Westminster and Southwark collected and arranged by Frederick Crace (1878),$cno. 171, p. 32
=510  4\$aHowgego, James. Printed maps of London,$bcirca 1553-1850,$cno. 184 (3), pp. 144-146,
=510  4\$aWorms, Laurence, Baynton-Williams, Ashley. British map engravers: a dictionary of engravers, lithographers and their principal employers,$bto 1850,$cpp. 130-132
=651  \0$aLondon (England)$vMaps$vEarly works to 1800.
=655  \7$aEarly maps.$2fast$0(OCoLC)fst01752681
=700  1\$aCrace, Frederick,$d1779-1859,$eformer owner.
=700  1\$aCrace, John Gregory,$d1809-1889,$edonor.
=852  41$aBritish Library$bMAPS$jMaps Crace Port. 5.171
=856  41$3Copy at Maps Crace Port. 5.171$uhttp://www.bl.uk/onlinegallery/onlineex/crace/c/007000000000005u00171000.html$yDigitised map
=985  \\$aUpgraded from georeferencer data 2022-12-16.
=985  \\$aRecord amended for WR# 13/070
=985  \\$aRecord amended for WR1606-1727
=985  \\$aUpdated by MS generated file for WR2302-017
=CAT  \\$a12842$b40$c20120706$lBLL01$h1218
=CAT  \\$aWR13_070$b00$c20130504$lBLL01$h0339
=CAT  \\$aWR13.117$c20130718$lBLL01$h1854
=CAT  \\$a12842$b40$c20131002$lBLL01$h1103
=CAT  \\$aW1606-1727$c20160825$lBLL01$h1742
=CAT  \\$a14185$b40$c20221218$lBLL01$h1913
=CAT  \\$aW2302-0174$c20230223$lBLL01$h1959
=FIN  \\$aY$d20120706
=FMT  \\$a  MP
=LAS  \\$aW2302-0174$b00$c20230223$lBLL01$h1959

