=LDR  03556cem a2200589 a 4500
=001  016120352
=003  Uk
=005  20230223161620.0
=007  aj\aanzn
=008  120706s1796\\\\enk||||||\a\\\\\1\\\eng|\
=034  1\$aa$b16400$dW0014930$eW0015841$fN0513215$gN0512847$2bound
=040  \\$aUk$beng$cUk$dUk
=042  \\$aukblsr
=082  04$a912.421$223
=100  1\$aFairburn, John,$d1768 or 1769-1832,$epublisher.
=245  10$aLondon and Westminster. 1796 /$cE. Mogg sculpt.
=255  \\$aScale approximately 1:16,400$c(W 1°49'30"--W 1°58'41"/N 51°32'15"--N 51°28'47").
=260  \\$a[London] :$bpublished by John Fairburn, 146 Minories,$c1796.
=300  \\$a1 map :$bhand col. ;$c38 x 63 cm
=336  \\$acartographic image$2rdacontent
=337  \\$aunmediated$2rdamedia
=338  \\$asheet$2rdacarrier
=500  \\$aThis is the second edition of a map published seven times until 1806. The title is embellished with an engraving of Father Thames, with St Paul's visible in the distance to one side of him. This edition includes an inset plan of the proposed Wet Docks. In 1796, the year this map was published, a Parliamentary Committee attempted to resolve the docking problems such as congestion, delays, lack of warehouse space and theft. The result was a number of project proposals for the building of new docks. However, none of these proposals were carried out, and the problem was not solved until private companies began building enclosed docks in 1802.
=500  \\$a2nd ed.; first printed in 1795, later published in 1796 (this state), 1797, 1800, 1801, 1802, 1803 and 1806.
=500  \\$aMap is divided into rectangles and lettered for reference. Includes alphabetical index to streets, bottom portion of plate.
=500  \\$aEngraving of Father Thames top right corner.
=500  \\$aIncludes plan of the Proposed Wet Docks, lower right.
=500  \\$aGreen spaces coloured; City of London and proposed docks outlined in red.
=510  4\$aCrace, John Gregory, A catalogue of maps, plans and views of London, Westminster and Southwark collected and arranged by Frederick Crace (1878),$cno. 178, p. 33
=510  4\$aHowgego, James. Printed maps of London,$bcirca 1553-1850,$cno. 203 (2), pp. 159-160
=510  4\$aWorms, Laurence, Baynton-Williams, Ashley. British map engravers: a dictionary of engravers, lithographers and their principal employers,$bto 1850,$cpp. 225-226; pp. 454-455
=651  \0$aLondon (England)$vMaps$vEarly works to 1800.
=655  \7$aEarly maps.$2fast$0(OCoLC)fst01752681
=700  1\$aCrace, Frederick,$d1779-1859,$eformer owner.
=700  1\$aCrace, John Gregory,$d1809-1889,$edonor.
=700  1\$aMogg, Edward,$d1769-1851.
=852  41$aBritish Library$bMAPS$jMaps Crace Port. 5.178
=856  41$3Copy at Maps Crace Port. 5.178$uhttp://www.bl.uk/onlinegallery/onlineex/crace/l/007000000000005u00178000.html$yDigitised map
=985  \\$aUpgraded from georeferencer data 2022-12-16.
=985  \\$aRecord amended for WR1606-1727
=985  \\$aUpdated by MS generated file for WR2302-017
=CAT  \\$a12842$b40$c20120706$lBLL01$h1426
=CAT  \\$aWR13.117$c20130718$lBLL01$h1854
=CAT  \\$a12842$b40$c20131002$lBLL01$h1113
=CAT  \\$aW1606-1727$c20160825$lBLL01$h1742
=CAT  \\$aBATCH-UPD$b00$c20181102$lBLL01$h2042
=CAT  \\$a14185$b40$c20221218$lBLL01$h1912
=CAT  \\$a14185$b40$c20221219$lBLL01$h0905
=CAT  \\$aW2302-0174$c20230223$lBLL01$h1959
=FIN  \\$aY$d20120706
=FMT  \\$a  MP
=LAS  \\$aW2302-0174$b00$c20230223$lBLL01$h1959

