=LDR  03717cem a2200637 a 4500
=001  016120407
=003  Uk
=005  20230223161621.0
=007  aj\aanzn
=008  120706s1797\\\\enk||||||\a\\\\\1\\\eng|\
=034  1\$aa$b15200$dW0015020$eW0015712$fN0513208$gN0512917$2bound
=040  \\$aUk$beng$cUk$dUk
=042  \\$aukblsr
=082  04$a912.421$223
=100  1\$aBowles, John,$d1701-1779.
=245  14$aThe London directory, or a new & improved plan of London, Westminster & Southwark :$bwith the adjacent country, the new buildings, the new road and the late alterations by opening of new streets, & widening of others /$cJ. Ellis sculpt.
=255  \\$aScale approximately 1:15,200$c(W 1°50'20"--W 1°57'12"/N 51°32'08"--N 51°29'17").
=260  \\$a[London] :$bprinted for R. Wilkinson, at No. 58 in Cornhill,$c1797.
=300  \\$a1 map :$bhand col. ;$c31 x 52 cm
=336  \\$acartographic image$2rdacontent
=337  \\$aunmediated$2rdamedia
=338  \\$asheet$2rdacarrier
=500  \\$aThis is the fifth edition of a map originally published in 1771 by John Bowles. His name has been replaced by the imprint of Robert Wilkinson, the reissuer. This map highlights the London Wall in red, and colours the city in pink. It uses arrows to show the direction of water-flow in the Thames. There are some additions to the map near Foundling Hospital.
=500  \\$aFirst printed in 1771 for John Bowles; later published in 1779, 1783, 1785, 1793, 1795, 1797 (this state), 1798, 1799 and 1802.
=500  \\$aSimilar to map printed by Robert Sayer ca. 1765 but from is from different plate.
=500  \\$aSome addition to map in Foundling Hospital area.
=500  \\$aBorders lettered for reference. Includes index to churches and public buildings, bottom portion of plate.
=500  \\$aBuilt-up areas stippled in City, hatched elsewhere.
=500  \\$aGreen spaces coloured; City of London coloured and outlined in red.
=510  4\$aCrace, John Gregory, A catalogue of maps, plans and views of London, Westminster and Southwark collected and arranged by Frederick Crace (1878),$cno. 177, p. 33
=510  4\$aHowgego, James. Printed maps of London,$bcirca 1553-1850,$cno. 153 (5), p. 125
=510  4\$aScott, Valerie. Tooley's dictionary of mapmakers Q-Z (2004),$bp. 389
=510  4\$aWorms, Laurence, Baynton-Williams, Ashley. British map engravers: a dictionary of engravers, lithographers and their principal employers,$bto 1850,$cpp. 102-103
=651  \0$aLondon (England)$vMaps$vEarly works to 1800.
=655  \7$aEarly maps.$2fast$0(OCoLC)fst01752681
=700  1\$aCrace, Frederick,$d1779-1859,$eformer owner.
=700  1\$aCrace, John Gregory,$d1809-1889,$edonor.
=700  1\$aEllis, J.$q(John),$dactive 1750-1800.
=700  1\$aWilkinson, Robert,$d-approximately 1825.
=852  41$aBritish Library$bMAPS$jMaps Crace Port. 5.177
=856  41$3Copy at Maps Crace Port. 5.177$uhttp://www.bl.uk/onlinegallery/onlineex/crace/t/007000000000005u00177000.html$yDigitised map
=985  \\$aUpgraded from georeferencer data 2022-12-16.
=985  \\$aRecord amended for WR# 13/070
=985  \\$aRecord amended for WR1606-1727
=985  \\$aUpdated by MS generated file for WR2302-017
=CAT  \\$a12842$b40$c20120706$lBLL01$h1541
=CAT  \\$aWR13_070$b00$c20130504$lBLL01$h0339
=CAT  \\$aWR13.117$c20130718$lBLL01$h1854
=CAT  \\$a12842$b40$c20131002$lBLL01$h1112
=CAT  \\$aW1606-1727$c20160825$lBLL01$h1742
=CAT  \\$a14185$b40$c20221218$lBLL01$h1912
=CAT  \\$a14185$b40$c20221219$lBLL01$h0906
=CAT  \\$aW2302-0174$c20230223$lBLL01$h1959
=FIN  \\$aY$d20120706
=FMT  \\$a  MP
=LAS  \\$aW2302-0174$b00$c20230223$lBLL01$h1959

