=LDR  03109cem a2200553 a 4500
=001  016121004
=003  Uk
=005  20230223161621.0
=007  aj\aanzn
=008  120709s1797\\\\enk||||||\a\\\\\0\\\eng|\
=034  1\$aa$dW0015012$eW0015611$fN0513200$gN0512934$2bound
=040  \\$aUk$beng$cUk$dUk
=042  \\$aukblsr
=082  04$a912.421$223
=100  1\$aWallis, J.$q(John),$d-1818.
=245  10$aWallis's plan of the cities of London and Westminster, 1797.
=255  \\$aScale not determined$c(W 1°50'12"--W 1°56'11"/N 51°32'00"--N 51°29'34").
=260  \\$aLondon :$bpublished by J. Wallis, No. 16 Ludgate Street,$cJany. 16th, 1797.
=300  \\$a1 map ;$c42 x 67 cm
=336  \\$acartographic image$2rdacontent
=337  \\$aunmediated$2rdamedia
=338  \\$asheet$2rdacarrier
=500  \\$aThis is the first edition of a map published seven times over a period of 16 years. This plan has been physically trimmed resulting in the loss of some information. The scale bar and list of Hackney coach fares would have been to the bottom right.
=500  \\$a1st ed.; later published in 1798; 1799; 1801 issued with an extra sheet which has the additional title 'The Isle of Dogs with the New Docks for the West India Trade; 1802; 1808; 1813 and 1819.
=500  \\$aAppears to be from the same plate as Wallis's new and correct plan of London and Westminster, published in 1795 by J. Wallis after modifications which include the stippling of the whole built-up area and the re-engraving of the title portion.
=510  4\$aCrace, John Gregory, A catalogue of maps, plans and views of London, Westminster and Southwark collected and arranged by Frederick Crace (1878),$cno. 180, p. 33
=510  4\$aHowgego, James. Printed maps of London,$bcirca 1553-1850,$cno. 214 (1), pp. 165-167
=510  4\$aWorms, Laurence, Baynton-Williams, Ashley. British map engravers: a dictionary of engravers, lithographers and their principal employers,$bto 1850,$cpp. 698-699
=651  \0$aLondon (England)$vMaps$vEarly works to 1800.
=655  \7$aEarly maps.$2fast$0(OCoLC)fst01752681
=700  1\$aCrace, Frederick,$d1779-1859,$eformer owner.
=700  1\$aCrace, John Gregory,$d1809-1889,$edonor.
=852  41$aBritish Library$bMAPS$jMaps Crace Port. 5.180
=856  41$3Copy at Maps Crace Port. 5.180$uhttp://www.bl.uk/onlinegallery/onlineex/crace/w/007000000000005u00180000.html$yDigitised map
=985  \\$aUpgraded from georeferencer data 2022-12-16.
=985  \\$aRecord amended for WR# 13/070
=985  \\$aRecord amended for WR1606-1727
=985  \\$aUpdated by MS generated file for WR2302-017
=CAT  \\$a12842$b40$c20120709$lBLL01$h1150
=CAT  \\$aWR13_070$b00$c20130504$lBLL01$h0339
=CAT  \\$aWR13.117$c20130718$lBLL01$h1854
=CAT  \\$a12842$b40$c20131002$lBLL01$h1121
=CAT  \\$aW1606-1727$c20160825$lBLL01$h1742
=CAT  \\$a14185$b40$c20221218$lBLL01$h1912
=CAT  \\$a14185$b40$c20221219$lBLL01$h0906
=CAT  \\$aW2302-0174$c20230223$lBLL01$h1959
=FIN  \\$aY$d20120709
=FMT  \\$a  MP
=LAS  \\$aW2302-0174$b00$c20230223$lBLL01$h1959

