=LDR  03570cem a2200649 a 4500
=001  016121050
=003  Uk
=005  20230223161621.0
=007  aj\aanzn
=008  120709s1797\\\\enk||||||\a\\\\\1\\\eng|\
=034  1\$aa$b16550$dW0015012$eW0015753$fN0513208$gN0512919$2bound
=040  \\$aUk$beng$cUk$dUk
=042  \\$aukblsr
=082  04$a912.421$223
=100  1\$aDarton, William,$d1755-1819.
=245  12$aA new pocket plan of London, Westminster and Southwark :$bwith all the adjacent buildings. Also a correct lift of upwards of 300 hackney coach fares. 1797.
=255  \\$aScale approximately 1:16,550$c(W 1°50'12"--W 1°57'53"/N 51°32'08"--N 51°29'19").
=260  \\$aLondon :$bprinted & sold by Darton & Harvey, Gracechurch Street,$c1797.
=300  \\$a1 map ;$c30 x 54 cm
=336  \\$acartographic image$2rdacontent
=337  \\$aunmediated$2rdamedia
=338  \\$asheet$2rdacarrier
=500  \\$aPocket plans were made popular by publisher Thomas Bowles in the 1730s. This later map is coloured to highlight the old London Wall and the parks and open spaces. This map includes a list of Hackney Coach Fares. The development of turnpike roads from the 1750s onwards led to a steady increase of wheeled vehicles such as the Hackney Coach, which eventually made watermen redundant
=500  \\$aFirst published in 1792; later ed. issued in 1795, 1797 (this state) and 1799.
=500  \\$aWith table of hackney coach fares below map.
=500  \\$aRiver and open spaces coloured; City of London outlined in red.
=510  4\$aCrace, John Gregory, A catalogue of maps, plans and views of London, Westminster and Southwark collected and arranged by Frederick Crace (1878),$cno. 181, p. 33
=510  4\$aHowgego, James. Printed maps of London,$bcirca 1553-1850,$cno. 198a (3), pp. 155-156
=510  4\$aFrench, Josephine. Tooley's dictionary of mapmakers E-J (2001),$bp. 282
=510  4\$aWorms, Laurence, Baynton-Williams, Ashley. British map engravers: a dictionary of engravers, lithographers and their principal employers,$bto 1850,$cpp. 183-184
=585  \\$aCopy at Maps Crace Port. 5.181. Exhibited: "Discovering literature: Romantics and Victorians" (online), 20 February 2014-.$5Uk
=651  \0$aLondon (England)$vMaps$vEarly works to 1800.
=655  \7$aEarly maps.$2fast$0(OCoLC)fst01752681
=700  1\$aCrace, Frederick,$d1779-1859,$eformer owner.
=700  1\$aCrace, John Gregory,$d1809-1889,$edonor.
=700  1\$aHarvey, Josiah,$dactive 1787-1814.
=852  41$aBritish Library$bMAPS$jMaps Crace Port. 5.181
=856  41$3Copy at Maps Crace Port. 5.181$uhttp://www.bl.uk/onlinegallery/onlineex/crace/a/007000000000005u00181000.html$yDigitised map
=985  \\$aUpgraded from georeferencer data 2022-12-16.
=985  \\$a700=NEW
=985  \\$aRecord amended for WR# 13/070
=985  \\$aRecord amended for WR1606-1727
=985  \\$aUpdated by MS generated file for WR2302-017
=CAT  \\$a12842$b40$c20120709$lBLL01$h1239
=CAT  \\$aWR13_070$b00$c20130504$lBLL01$h0339
=CAT  \\$aWR13_070C$c20130611$lBLL01$h1859
=CAT  \\$aWR13.117$c20130718$lBLL01$h1854
=CAT  \\$a12842$b40$c20131002$lBLL01$h1124
=CAT  \\$aW1606-1727$c20160825$lBLL01$h1742
=CAT  \\$a8250$b40$c20180621$lBLL01$h0838
=CAT  \\$a8250$b40$c20181123$lBLL01$h1059
=CAT  \\$a14185$b40$c20221218$lBLL01$h1912
=CAT  \\$a14185$b40$c20221219$lBLL01$h0937
=CAT  \\$aW2302-0174$c20230223$lBLL01$h1959
=FIN  \\$aY$d20120709
=FMT  \\$a  MP
=LAS  \\$aW2302-0174$b00$c20230223$lBLL01$h1959

