=LDR  03711cem a2200601 a 4500
=001  016121224
=003  Uk
=005  20230223161621.0
=007  aj\canzn
=008  120709s1800\\\\enk||||||\a\\\\\0\\\eng|\
=034  1\$aa$b9500$dW0015000$eW0015736$fN0513154$gN0512936$2bound
=040  \\$aUk$beng$cUk$dUk
=042  \\$aukblsr
=082  04$a912.421$223
=110  2\$aLaurie & Whittle.
=245  12$aA new & complete plan of London, Westminster, & borough of Southwark containing all the improvements in, and round the Metropolis.
=255  \\$aScale approximately 1:9,500$c(W 1°50'00"--W 1°57'36"/N 51°31'54"--N 51°29'36").
=260  \\$a[London] :$bpublished by Laurie & Whittle, 53 Fleet Street,$c1st Jany. 1800.
=300  \\$a1 map :$bhand col. ;$c46 x 92 cm
=336  \\$acartographic image$2rdacontent
=337  \\$aunmediated$2rdamedia
=338  \\$asheet$2rdacarrier
=500  \\$aRoads and open spaces are depicted in different colours and margins divided into miles and furlongs. The map's title and a list of districts in Westminster are at the top left, with a key to public offices and Westminster parishes at the bottom left. The fares of hackney coaches and water ferries are at the bottom right, along with a list of Surrey parishes. At middle right, there is a list of parishes within the 'Bill of Mortality' - the name given to parishes who sent regular death notices to the central London government. A fine mezzotint engraver and regular exhibitor at the Society of Artists in the 1770s, Robert Laurie acquired Sayer's stock in 1794 and (with James Whittle) founded the map publishing house Laurie & Whittle.
=500  \\$a2nd ed.; first published in 1799.
=500  \\$aIncludes list of Westminster, Middlesex and Surrey parishes within the bills of mortality.
=500  \\$aWith table of reference to great offices of state and list of hackney coach fares.
=500  \\$aMap is divided into squares and borders marked off in miles and furlongs north, south, east and west of St. Pauls.
=500  \\$aMajor streets and open spaces coloured; City of London outlined in red.
=510  4\$aCrace, John Gregory, A catalogue of maps, plans and views of London, Westminster and Southwark collected and arranged by Frederick Crace (1878),$cno. 184, p. 34
=510  4\$aHowgego, James. Printed maps of London,$bcirca 1553-1850,$cno. 219 (2), p. 169
=510  4\$aWorms, Laurence, Baynton-Williams, Ashley. British map engravers: a dictionary of engravers, lithographers and their principal employers,$bto 1850,$cpp. 391-392
=651  \0$aLondon (England)$vMaps.
=655  \7$aMaps.$2fast$0(OCoLC)fst01423704
=700  1\$aCrace, Frederick,$d1779-1859,$eformer owner.
=700  1\$aCrace, John Gregory,$d1809-1889,$edonor.
=852  41$aBritish Library$bMAPS$jMaps Crace Port. 6.184
=856  41$3Copy at Maps Crace Port. 6.184$uhttp://www.bl.uk/onlinegallery/onlineex/crace/a/007zzz000000006u00184000.html$yDigitised map
=985  \\$aUpgraded from georeferencer data 2022-12-16.
=985  \\$aRecord amended for WR1606-1727
=985  \\$aUpdated by MS generated file for WR2302-017
=CAT  \\$a12842$b40$c20120709$lBLL01$h1646
=CAT  \\$a12842$b40$c20120709$lBLL01$h1648
=CAT  \\$aWR13.117$c20130718$lBLL01$h1854
=CAT  \\$a7416$b40$c20130731$lBLL01$h1614
=CAT  \\$a12842$b40$c20131002$lBLL01$h1128
=CAT  \\$a12842$b40$c20131014$lBLL01$h1425
=CAT  \\$aW1606-1727$c20160825$lBLL01$h1742
=CAT  \\$a14185$b40$c20221218$lBLL01$h1912
=CAT  \\$a14185$b40$c20221219$lBLL01$h0936
=CAT  \\$aW2302-0174$c20230223$lBLL01$h1959
=FIN  \\$aY$d20120709
=FMT  \\$a  MP
=LAS  \\$aW2302-0174$b00$c20230223$lBLL01$h1959

