=LDR  03231cem a2200589 a 4500
=001  016121239
=003  Uk
=005  20230223161621.0
=007  aj\canzn
=008  120709s1801\\\\enk||||||\a\\\\\0\\\eng|\
=034  1\$aa$b17200$dW0014907$eW0015818$fN0513215$gN0512846$2bound
=040  \\$aUk$beng$cUk$dUk
=042  \\$aukblsr
=082  04$a912.421$223
=110  2\$aLaurie & Whittle.
=245  12$aA new plan of London, Westminster and Southwark; 1801 /$cengraved by S.W. Cooke.
=255  \\$aScale approximately 1:17,200$c(W 1°49'07"--W 1°58'18"/N 51°32'15"--N 51°28'46").
=260  \\$aLondon :$bpublished by Laurie & Whittle, 53 Fleet Street,$c12th Octr. 1801.
=300  \\$a1 map :$bhand col. ;$c38 x 63 cm
=336  \\$acartographic image$2rdacontent
=337  \\$aunmediated$2rdamedia
=338  \\$asheet$2rdacarrier
=500  \\$aThe title of this map appears at top right, with a compass rose and scale bar at bottom right. Below the plan is a list of public offices, with a special section dedicated to those at Somerset House. Designed by William Chambers, Somerset House was built in stages between 1771 and 1835, the first large block ever built to accommodate government offices. Over the years it has housed the Royal Navy, the Stamp Office, Hackney Coaches and Barge Master, the General Register of Births, Deaths and Marriages and the Inland Revenue.
=500  \\$a1st ed.; later published in 1804, 1808, 1810 and 1815.
=500  \\$aWith table of public offices and buildings.
=500  \\$aMajor streets and open spaces coloured; City of London outlined in red.
=510  4\$aCrace, John Gregory, A catalogue of maps, plans and views of London, Westminster and Southwark collected and arranged by Frederick Crace (1878),$cno. 185, p. 34
=510  4\$aHowgego, James. Printed maps of London,$bcirca 1553-1850,$cno. 223 (1), p. 171
=510  4\$aWorms, Laurence, Baynton-Williams, Ashley. British map engravers: a dictionary of engravers, lithographers and their principal employers,$bto 1850,$cp. 165; pp. 391-392
=651  \0$aLondon (England)$vMaps.
=655  \7$aMaps.$2fast$0(OCoLC)fst01423704
=700  1\$aCrace, Frederick,$d1779-1859,$eformer owner.
=700  1\$aCrace, John Gregory,$d1809-1889,$edonor.
=700  1\$aCooke, Stephen William,$d1768-1845.
=852  41$aBritish Library$bMAPS$jMaps Crace Port. 6.185
=856  41$3Copy at Maps Crace Port. 6.185$uhttp://www.bl.uk/onlinegallery/onlineex/crace/a/007zzz000000006u00185000.html$yDigitised map
=985  \\$aUpgraded from georeferencer data 2022-12-16.
=985  \\$a700=NEW
=985  \\$aRecord amended for WR1606-1727
=985  \\$aUpdated by MS generated file for WR2302-017
=CAT  \\$a12842$b40$c20120709$lBLL01$h1716
=CAT  \\$aWR13.117$c20130718$lBLL01$h1854
=CAT  \\$a7416$b40$c20130731$lBLL01$h1614
=CAT  \\$a12842$b40$c20131002$lBLL01$h1131
=CAT  \\$a12842$b40$c20131014$lBLL01$h1426
=CAT  \\$aW1606-1727$c20160825$lBLL01$h1742
=CAT  \\$a14185$b40$c20221218$lBLL01$h1912
=CAT  \\$a14185$b40$c20221219$lBLL01$h0928
=CAT  \\$aW2302-0174$c20230223$lBLL01$h1959
=FIN  \\$aY$d20120709
=FMT  \\$a  MP
=LAS  \\$aW2302-0174$b00$c20230223$lBLL01$h1959

