=LDR  03462cem a2200601 a 4500
=001  016121757
=003  Uk
=005  20230223161621.0
=007  aj\aanzn
=008  120710s1804\\\\enk||||||\a\\\\\0\\\eng|\
=034  1\$aa$b17500$dW0014929$eW0015743$fN0513156$gN0512936$2bound
=040  \\$aUk$beng$cUk$dUk
=042  \\$aukblsr
=082  04$a912.421$223
=100  1\$aPhillips Richard,$d1767-1840.
=245  12$aA plan of London, with its modern improvements /$cS. J. Neele sculpt.
=255  \\$aScale approximately 1:17,500$c(W 1°49'29"--W 1°57'43"/N 51°31'56"--N 51°29'36").
=260  \\$a[London] :$bpublished by Richd. Phillips, St. Paul's Church Yard,$cAugst. 12th 1804.
=300  \\$a1 map ;$c23 x 58 cm
=336  \\$acartographic image$2rdacontent
=337  \\$aunmediated$2rdamedia
=338  \\$asheet$2rdacarrier
=500  \\$aThis map is a later edition one first issued by Phillips at the beginning of the 19th Century, re-engraved by Neele with the addition of plans for the London Docks at Wapping. Daniel Alexander's original design for this area comprised the 20-acre St. George's Dock, to the west, and the seven-acre Shadwell Dock, to the east. Each would have its own basin, and be linked by a small Tobacco Dock. When opened in 1805 the London Docks were the nearest to the city and for 21 years all shipments of tobacco, rice, wine and brandy (except those from the East and West Indies) had to unload there.
=500  \\$aFirst published in 1803; later ed. with year altered to 1804 (this state), 1806 and 1808.
=500  \\$aAlmost identical with an untitled map of London by R. Phillips first published in 1802, but has been re-engraved.
=500  \\$aMap is divided into squares and margins lettered for reference.
=510  4\$aCrace, John Gregory, A catalogue of maps, plans and views of London, Westminster and Southwark collected and arranged by Frederick Crace (1878),$cno. 188, p. 34
=510  4\$aHowgego, James. Printed maps of London,$bcirca 1553-1850,$cno. 229 (2), p. 179
=510  4\$aScott, Valerie. Tooley's dictionary of mapmakers K-P (2003),$bp. 426
=510  4\$aWorms, Laurence, Baynton-Williams, Ashley. British map engravers: a dictionary of engravers, lithographers and their principal employers,$bto 1850,$cpp. 482-485
=651  \0$aLondon (England)$vMaps.
=655  \7$aMaps.$2fast$0(OCoLC)fst01423704
=700  1\$aCrace, Frederick,$d1779-1859,$eformer owner.
=700  1\$aCrace, John Gregory,$d1809-1889,$edonor.
=700  1\$aNeele, Samuel John,$d1758-1824.
=852  41$aBritish Library$bMAPS$jMaps Crace Port. 6.188
=856  41$3Copy at Maps Crace Port. 6.188$uhttp://www.bl.uk/onlinegallery/onlineex/crace/a/007zzz000000006u00188000.html$yDigitised map
=985  \\$aUpgraded from georeferencer data 2022-12-16.
=985  \\$a100=NEW
=985  \\$aRecord amended for WR1606-1727
=985  \\$aUpdated by MS generated file for WR2302-017
=CAT  \\$a12842$b40$c20120710$lBLL01$h1426
=CAT  \\$a12842$b40$c20120712$lBLL01$h1130
=CAT  \\$aWR13.117$c20130718$lBLL01$h1854
=CAT  \\$a12842$b40$c20131002$lBLL01$h1137
=CAT  \\$a12842$b40$c20131014$lBLL01$h1427
=CAT  \\$aW1606-1727$c20160825$lBLL01$h1742
=CAT  \\$a14185$b40$c20221218$lBLL01$h1912
=CAT  \\$a14185$b40$c20221219$lBLL01$h0902
=CAT  \\$aW2302-0174$c20230223$lBLL01$h1959
=FIN  \\$aY$d20120710
=FMT  \\$a  MP
=LAS  \\$aW2302-0174$b00$c20230223$lBLL01$h1959

