=LDR  02778cem a2200553 a 4500
=001  016121808
=003  Uk
=005  20230223161621.0
=007  aj\aanzn
=008  120710q1805\\\\xx\||||||\a\\\\\0\\\eng|\
=034  1\$aa$b18800$dW0014950$eW0015850$fN0513200$gN0512933$2bound
=040  \\$aUk$beng$cUk$dUk
=042  \\$aukblsr
=082  04$a912.421$223
=245  00$aLondon and its environs.
=255  \\$aScale approximately 1:18,800$c(W 1°49'50"--W 1°58'50"/N 51°32'00"--N 51°29'33").
=260  \\$c[ca. 1805]
=300  \\$a1 map ;$c23 x 54 cm
=336  \\$acartographic image$2rdacontent
=337  \\$aunmediated$2rdamedia
=338  \\$asheet$2rdacarrier
=500  \\$aThe title of this small map of Regency London appears at top right, facing a scale bar at top left. The map is divided into squares for reference. It indicates with a dotted line the proposed new bridge at Waterloo. Designed by John Rennie, Waterloo Bridge was constructed by a commercial company hoping to profit from toll-paying traffic. The bridge cost £1 million and was never profitable. In 1936, amid controversy, the bridge was demolished and replaced.
=500  \\$aDate taken from pencil annotation below title.
=500  \\$aMap is divided into rectangles with Roman numerals for reference, but has no index.
=500  \\$aProposed new bridge at Waterloo shown.
=510  4\$aCrace, John Gregory, A catalogue of maps, plans and views of London, Westminster and Southwark collected and arranged by Frederick Crace (1878),$cno. 190, p. 35
=510  4\$aHowgego, James. Printed maps of London,$bcirca 1553-1850,$cno. 234, p. 175
=651  \0$aLondon (England)$vMaps.
=655  \7$aMaps.$2fast$0(OCoLC)fst01423704
=700  1\$aCrace, Frederick,$d1779-1859,$eformer owner.
=700  1\$aCrace, John Gregory,$d1809-1889,$edonor.
=852  41$aBritish Library$bMAPS$jMaps Crace Port. 6.190
=856  41$3Copy at Maps Crace Port. 6.190$uhttp://www.bl.uk/onlinegallery/onlineex/crace/l/007zzz000000006u00190000.html$yDigitised map
=985  \\$aUpgraded from georeferencer data 2022-12-16.
=985  \\$aRecord amended for WR1606-1727
=985  \\$aUpdated by MS generated file for WR2302-017
=CAT  \\$a12842$b40$c20120710$lBLL01$h1451
=CAT  \\$a12842$b40$c20120727$lBLL01$h1243
=CAT  \\$aWR13.117$c20130718$lBLL01$h1854
=CAT  \\$a12842$b40$c20131002$lBLL01$h1146
=CAT  \\$a12842$b40$c20131004$lBLL01$h1627
=CAT  \\$a12842$b40$c20131014$lBLL01$h1428
=CAT  \\$aW1606-1727$c20160825$lBLL01$h1742
=CAT  \\$a14185$b40$c20221218$lBLL01$h1912
=CAT  \\$a14185$b40$c20221219$lBLL01$h0924
=CAT  \\$aW2302-0174$c20230223$lBLL01$h1959
=FIN  \\$aY$d20120710
=FMT  \\$a  MP
=LAS  \\$aW2302-0174$b00$c20230223$lBLL01$h1959

