=LDR  03518cem a2200625 a 4500
=001  016121849
=003  Uk
=005  20230223161621.0
=007  aj\aanzn
=008  120710s1806\\\\enk||||||\a\\\\\1\\\eng|\
=034  1\$aa$b18800$dW0014942$eW0015854$fN0513158$gN0512935$2bound
=040  \\$aUk$beng$cUk$dUk
=042  \\$aukblsr
=082  04$a912.421$223
=100  1\$aStratford, James,$dactive 1789-1816.
=245  10$aLondon, extending from the Head of Paddington Canal west, to the West India Docks east :$bwith the proposed improvements between the Royal Exchange & Finsbury Square /$cdrawn and engraved by J. Russell.
=255  \\$aScale approximately 1:18,800$c(W 1°49'42"--W 1°58'54"/N 51°31'58"--N 51°29'35").
=260  \\$aLondon :$bpublish'd by J. Stratford, No. 112, Holborn Hill,$cOctr. 6, 1806.
=300  \\$a1 map ;$c24 x 55 cm
=336  \\$acartographic image$2rdacontent
=337  \\$aunmediated$2rdamedia
=338  \\$asheet$2rdacarrier
=500  \\$aAs the 19th century progressed, maps were often used as illustrations in general guides to London, for which there was a great demand. This small map was published in David Hugson's 'London, being an accurate history & description of the British Metropolis'. The map is divided into reference squares, featuring the title at top right, scale bar at the top left and a key in the table below the plan.
=500  \\$aFrom London, being an accurate history & description of the British Metropolis by David Hugson, vol. 2.
=500  \\$aMap is divided into rectangles with Roman numerals for reference; index to churches, principal buildings and squares below map.
=510  4\$aCrace, John Gregory, A catalogue of maps, plans and views of London, Westminster and Southwark collected and arranged by Frederick Crace (1878),$cno. 191, p. 35
=510  4\$aHowgego, James. Printed maps of London,$bcirca 1553-1850,$cno. 240, pp. 184-185
=510  4\$aScott, Valerie. Tooley's dictionary of mapmakers Q-Z (2004),$bp. 88; p. 225
=510  4\$aWorms, Laurence, Baynton-Williams, Ashley. British map engravers: a dictionary of engravers, lithographers and their principal employers,$bto 1850,$cpp. 574-575
=651  \0$aLondon (England)$vMaps.
=655  \7$aMaps.$2fast$0(OCoLC)fst01423704
=700  1\$aCrace, Frederick,$d1779-1859,$eformer owner.
=700  1\$aCrace, John Gregory,$d1809-1889,$edonor.
=700  1\$aRussell, John,$d1750?-1829,$eengraver.
=852  41$aBritish Library$bMAPS$jMaps Crace Port. 6.191
=856  41$3Copy at Maps Crace Port. 6.191$uhttp://www.bl.uk/onlinegallery/onlineex/crace/l/007zzz000000006u00191000.html$yDigitised map
=985  \\$aUpgraded from BL georeferencer data 2022-12-16.
=985  \\$a700=NEW
=985  \\$aRecord amended for WR# 13/070
=985  \\$aRecord amended for WR1606-1727
=985  \\$aUpdated by MS generated file for WR2302-017
=CAT  \\$a12842$b40$c20120710$lBLL01$h1553
=CAT  \\$aWR13_070$b00$c20130504$lBLL01$h0339
=CAT  \\$aBATCH-UPD$b00$c20130506$lBLL01$h1648
=CAT  \\$aWR13_070C$c20130611$lBLL01$h1859
=CAT  \\$aWR13.117$c20130718$lBLL01$h1854
=CAT  \\$a12842$b40$c20131002$lBLL01$h1148
=CAT  \\$a12842$b40$c20131014$lBLL01$h1429
=CAT  \\$aW1606-1727$c20160825$lBLL01$h1742
=CAT  \\$a14185$b40$c20221218$lBLL01$h0902
=CAT  \\$a14185$b40$c20221219$lBLL01$h0946
=CAT  \\$aW2302-0174$c20230223$lBLL01$h1959
=FIN  \\$aY$d20120710
=FMT  \\$a  MP
=LAS  \\$aW2302-0174$b00$c20230223$lBLL01$h1959

