=LDR  03769cem a2200625 a 4500
=001  016123329
=003  Uk
=005  20230223161622.0
=007  aj\aanzn
=008  120710q1806\\\\enk||||||\a\\\\\1\\\eng|\
=034  1\$aa$b16400$dW0014934$eE0000057$fN0513217$gN0512838$2bound
=040  \\$aUk$beng$cUk$dUk
=042  \\$aukblsr
=082  04$a912.421$223
=100  1\$aFairburn, John,$d1768 or 1769-1832,$epublisher.
=245  10$aLondon and Westminster. 1806.
=246  1\$aSeventh edition; exhibiting the various alterations and improvements now making or intended to be made by the city of London at Snow Hill, Temple Bar, the Bank and Tottenham Court Road; also those of the London and West India Dock Companies &c.
=250  \\$a7th ed.
=255  \\$aScale approximately 1:16,400$c(W 1°49'34"--E 0°0'57"/N 51°32'17"--N 51°28'38").
=260  \\$a[London] :$bpublished by John Fairburn, 146 Minories,$c1806.
=300  \\$a1 map ;$c80 x 44 cm
=336  \\$acartographic image$2rdacontent
=337  \\$aunmediated$2rdamedia
=338  \\$asheet$2rdacarrier
=500  \\$aThe title of this map appears near the top right in a vignette depicting Father Thames, with compass rose at bottom right, scale bar at bottom centre, and an alphabetical list of streets in the table below the plan. Roads, open spaces and the built-up area within the city are depicted in colour. The boundaries of the 'Liberty' of the Tower of London is similarly depicted in colour ('Liberty', in this sense, means an area of separate jurisdiction to the rest of the city). Finally, the map extends eastward to include the Isle of Dogs and the docks, which were then under construction.
=500  \\$aFirst published in 1795; later ed. issued in 1796, 1797, 1800, 1801, 1802, 1803 and 1806 (this state).
=500  \\$aDate taken from pencil annotation below title.
=500  \\$aMap is divided into rectangles and lettered for reference. Includes alphabetical index to streets, bottom portion of plate.
=500  \\$aEngraving of Father Thames upper right.
=500  \\$aSome roads, green spaces and docks coloured; City of London outlined in red.
=510  4\$aCrace, John Gregory, A catalogue of maps, plans and views of London, Westminster and Southwark collected and arranged by Frederick Crace (1878),$cno. 194, p. 35
=510  4\$aHowgego, James. Printed maps of London,$bcirca 1553-1850,$cno. 203 (7), pp. 159-160
=510  4\$aWorms, Laurence, Baynton-Williams, Ashley. British map engravers: a dictionary of engravers, lithographers and their principal employers,$bto 1850,$cpp. 225-226; pp. 454-455
=651  \0$aLondon (England)$vMaps.
=655  \7$aMaps.$2fast$0(OCoLC)fst01423704
=700  1\$aCrace, Frederick,$d1779-1859,$eformer owner.
=700  1\$aCrace, John Gregory,$d1809-1889,$edonor.
=700  1\$aMogg, Edward,$d1769-1851,$eengraver.
=852  41$aBritish Library$bMAPS$jMaps Crace Port. 6.194
=856  41$3Copy at Maps Crace Port. 6.194$uhttp://www.bl.uk/onlinegallery/onlineex/crace/l/007zzz000000006u00194000.html$yDigitised map
=985  \\$aUpgraded from georeferencer data 2022-12-16.
=985  \\$aRecord amended for WR1606-1727
=985  \\$aUpdated by MS generated file for WR2302-017
=CAT  \\$a12842$b40$c20120710$lBLL01$h1751
=CAT  \\$aWR13.117$c20130718$lBLL01$h1854
=CAT  \\$a12842$b40$c20131002$lBLL01$h1156
=CAT  \\$a12842$b40$c20131024$lBLL01$h1446
=CAT  \\$aW1606-1727$c20160825$lBLL01$h1742
=CAT  \\$aBATCH-UPD$b00$c20181102$lBLL01$h2042
=CAT  \\$a14185$b40$c20221218$lBLL01$h1912
=CAT  \\$a14185$b40$c20221219$lBLL01$h0927
=CAT  \\$aW2302-0174$c20230223$lBLL01$h1959
=FIN  \\$aY$d20120710
=FMT  \\$a  MP
=LAS  \\$aW2302-0174$b00$c20230223$lBLL01$h1959

