=LDR  03205cem a2200589 a 4500
=001  016123485
=003  Uk
=005  20230223161622.0
=007  aj\canzn
=008  120711s1807\\\\enk||||||\a\\\\\0\\\eng|\
=034  1\$aa$dW0014953$eW0015745$fN0513209$gN0512918$2bound
=040  \\$aUk$beng$cUk$dUk
=042  \\$aukblsr
=082  04$a912.421$223
=100  1\$aFores, Samuel William,$d1761-1838.
=245  12$aA new plan of London :$bwith the names of the streets alphabetically arranged at bottom with directions to find them in the map.
=255  \\$aScale not determined$c(W 1°49'53"--W 1°57'45"/N 51°32'09"--N 51°29'18").
=260  \\$a[London] :$bPubd. By S.W. Fores, No. 50 Piccadilly,$cJune. 6, 1807.
=300  \\$a1 map :$bhand col. ;$c31 x 56 cm
=336  \\$acartographic image$2rdacontent
=337  \\$aunmediated$2rdamedia
=338  \\$asheet$2rdacarrier
=500  \\$aThe title of this map appears along the top and with the river, city boundaries and open spaces depicted in different colours. The map is divided into numbered squares for reference, with a key in the table below the plan. Samuel Fores, better known as a publisher of sporting prints, first issued this map in 1789; this is a later edition, updated to include the housing developments of Sommers Town and St. George's Field.
=500  \\$a2nd ed.; first published in 1789.
=500  \\$aMap is divided into rectangles and numbered for reference. Includes alphabetical index to streets, bottom portion of plate.
=500  \\$aRiver and open spaces coloured; City of London outlined in red.
=510  4\$aCrace, John Gregory, A catalogue of maps, plans and views of London, Westminster and Southwark collected and arranged by Frederick Crace (1878),$cno. 196, p. 35
=510  4\$aHowgego, James. Printed maps of London,$bcirca 1553-1850,$cno. 190 (2), pp. 150
=510  4\$aWorms, Laurence, Baynton-Williams, Ashley. British map engravers: a dictionary of engravers, lithographers and their principal employers,$bto 1850,$cp. 240
=651  \0$aLondon (England)$vMaps.
=655  \7$aMaps.$2fast$0(OCoLC)fst01423704
=700  1\$aCrace, Frederick,$d1779-1859,$eformer owner.
=700  1\$aCrace, John Gregory,$d1809-1889,$edonor.
=852  41$aBritish Library$bMAPS$jMaps Crace Port. 6.196
=856  41$3Copy at Maps Crace Port. 6.196$uhttp://www.bl.uk/onlinegallery/onlineex/crace/a/007zzz000000006u00196000.html$yDigitised map
=985  \\$aUpgraded from georeferencer data 2022-12-16.
=985  \\$a100=NEW
=985  \\$aRecord amended for WR1606-1727
=985  \\$aUpdated by MS generated file for WR2302-017
=CAT  \\$a12842$b40$c20120711$lBLL01$h1113
=CAT  \\$a12842$b40$c20120711$lBLL01$h1317
=CAT  \\$a12842$b40$c20120711$lBLL01$h1333
=CAT  \\$aWR13.117$c20130718$lBLL01$h1854
=CAT  \\$a12842$b40$c20131002$lBLL01$h1255
=CAT  \\$a12842$b40$c20131024$lBLL01$h1447
=CAT  \\$aW1606-1727$c20160825$lBLL01$h1742
=CAT  \\$a14185$b40$c20221218$lBLL01$h1912
=CAT  \\$a14185$b40$c20221219$lBLL01$h0928
=CAT  \\$aW2302-0174$c20230223$lBLL01$h1959
=FIN  \\$aY$d20120711
=FMT  \\$a  MP
=LAS  \\$aW2302-0174$b00$c20230223$lBLL01$h1959

