=LDR  02594cem a2200565 a 4500
=001  016123607
=003  Uk
=005  20230223161622.0
=007  aj\aanzn
=008  120711s1807\\\\enk||||||\a\\\\\0\\\eng|\
=034  1\$aa$dW0014929$eW0015811$fN0513229$gN0512848$2bound
=040  \\$aUk$beng$cUk$dUk
=042  \\$aukblsr
=082  04$a912.421$223
=100  1\$aPhillips, Richard,$d1767-1840.
=245  12$aA plan of London, Westminster and Southwark.
=255  \\$aScale not determined$c(W 1°49'29"--W 1°58'11"/N 51°32'29"--N 51°28'48").
=260  \\$a[London] :$bpub. by Richd Phillips, New Bridge Street,$c1st July 1807.
=300  \\$a1 map :$bhand col. ;$c17 x 28 cm
=336  \\$acartographic image$2rdacontent
=337  \\$aunmediated$2rdamedia
=338  \\$asheet$2rdacarrier
=500  \\$aThe title of this small map of London appears at top right, with publisher's imprint below the map. The river, city boundaries and open spaces are distinguished by colour use.
=500  \\$a1st ed.; later published in 1814.
=500  \\$aRiver and open spaces coloured; City of London outlined in red.
=510  4\$aCrace, John Gregory, A catalogue of maps, plans and views of London, Westminster and Southwark collected and arranged by Frederick Crace (1878),$cno. 197, p. 35
=510  4\$aHowgego, James. Printed maps of London,$bcirca 1553-1850,$cno. 243 (1), p. 187
=510  4\$aScott, Valerie. Tooley's dictionary of mapmakers K-P (2003),$bp. 426
=651  \0$aLondon (England)$vMaps.
=655  \7$aMaps.$2fast$0(OCoLC)fst01423704
=700  1\$aCrace, Frederick,$d1779-1859,$eformer owner.
=700  1\$aCrace, John Gregory,$d1809-1889,$edonor.
=852  41$aBritish Library$bMAPS$jMaps Crace Port. 6.197
=856  41$3Copy at Maps Crace Port. 6.197$uhttp://www.bl.uk/onlinegallery/onlineex/crace/a/007zzz000000006u00197000.html$yDigitised map
=985  \\$aUpgraded from georeferencer data 2022-12-16.
=985  \\$a100=NEW
=985  \\$aRecord amended for WR1606-1727
=985  \\$aUpdated by MS generated file for WR2302-017
=CAT  \\$a12842$b40$c20120711$lBLL01$h1337
=CAT  \\$a12842$b40$c20120712$lBLL01$h1129
=CAT  \\$aWR13.117$c20130718$lBLL01$h1854
=CAT  \\$a12842$b40$c20131002$lBLL01$h1301
=CAT  \\$a12842$b40$c20131024$lBLL01$h1447
=CAT  \\$aW1606-1727$c20160825$lBLL01$h1742
=CAT  \\$a14185$b40$c20221218$lBLL01$h1912
=CAT  \\$a14185$b40$c20221219$lBLL01$h0925
=CAT  \\$aW2302-0174$c20230223$lBLL01$h1959
=FIN  \\$aY$d20120711
=FMT  \\$a  MP
=LAS  \\$aW2302-0174$b00$c20230223$lBLL01$h1959

