=LDR  03373cem a2200601 a 4500
=001  016123781
=003  Uk
=005  20230223161622.0
=007  aj\aanzn
=008  120711s1809\\\\enk||||||\a\\\\\0\\\eng|\
=034  1\$aa$b17000$dW0014847$eE0000007$fN0513315$gN0512812$2bound
=040  \\$aUk$beng$cUk$dUk
=042  \\$aukblsr
=082  04$a912.421$223
=110  2\$aLaurie & Whittle.
=245  10$aLaurie and Whittle's new map of London :$bwith its environs, 1809-10.
=255  \\$aScale approximately 1:17,000$c(W 1°48'47"--E 0°0'07"/N 51°33'15"--N 51°28'12").
=260  \\$aLondon :$bpublished by Laurie & Whittle, 53 Fleet Street,$c12th June, 1809.
=300  \\$a1 map :$bhand col. ;$c57 x 77 cm
=336  \\$acartographic image$2rdacontent
=337  \\$aunmediated$2rdamedia
=338  \\$asheet$2rdacarrier
=500  \\$aThis is a later edition of Laurie and Whittle's folding map of London, first published in 1804. The title appears as an old inscription on an illustrated pyramid at top left, also showing city arms, ship, flag, anchor, flora and fauna. Explanation of symbols and abbreviations is given above the publisher's imprint at top right, with compass star at bottom centre. The border of the map is marked off in furlongs. Proposed works, including the Vauxhall and Waterloo bridges and their approaches, are highlighted in yellow.
=500  \\$aFirst published in 1804; latest ed. with year in imprint altered to 1819.
=500  \\$aMap is divided into mile squares and borders marked off in furlongs.
=500  \\$aWaterloo and Vauxhall Bridges and proposed approaches shown in pecked line.
=500  \\$aRiver, some roads and open spaces coloured; City of London outlined in red.
=510  4\$aCrace, John Gregory, A catalogue of maps, plans and views of London, Westminster and Southwark collected and arranged by Frederick Crace (1878),$cno. 199, p. 36
=510  4\$aHowgego, James. Printed maps of London,$bcirca 1553-1850,$cno. 231 (3a), pp. 176-177
=510  4\$aWorms, Laurence, Baynton-Williams, Ashley. British map engravers: a dictionary of engravers, lithographers and their principal employers,$bto 1850,$cpp. 391-392
=651  \0$aLondon (England)$vMaps.
=655  \7$aMaps.$2fast$0(OCoLC)fst01423704
=700  1\$aCrace, Frederick,$d1779-1859,$eformer owner.
=700  1\$aCrace, John Gregory,$d1809-1889,$edonor.
=852  41$aBritish Library$bMAPS$jMaps Crace Port. 6.199
=856  41$3Copy at Maps Crace Port. 6.199$uhttp://www.bl.uk/onlinegallery/onlineex/crace/l/007000000000006u00199000.html$yDigitised map
=985  \\$aUpgraded from georeferencer data 2022-12-16.
=985  \\$aRecord amended for WR1606-1727
=985  \\$aUpdated by MS generated file for WR2302-017
=CAT  \\$a12842$b40$c20120711$lBLL01$h1615
=CAT  \\$aWR13.117$c20130718$lBLL01$h1854
=CAT  \\$a7416$b40$c20130731$lBLL01$h1614
=CAT  \\$a12842$b40$c20131002$lBLL01$h1307
=CAT  \\$a12842$b40$c20131024$lBLL01$h1447
=CAT  \\$aW1606-1727$c20160825$lBLL01$h1742
=CAT  \\$a12842$b40$c20160923$lBLL01$h1542
=CAT  \\$a12842$b40$c20160923$lBLL01$h1543
=CAT  \\$a14185$b40$c20221218$lBLL01$h1912
=CAT  \\$a14185$b40$c20221219$lBLL01$h0920
=CAT  \\$aW2302-0174$c20230223$lBLL01$h1959
=FIN  \\$aY$d20120711
=FMT  \\$a  MP
=LAS  \\$aW2302-0174$b00$c20230223$lBLL01$h1959

