=LDR  02914cem a2200565 a 4500
=001  016123949
=003  Uk
=005  20230223161622.0
=007  aj\aanzn
=008  120712s1810\\\\enk||||||\a\\\\\0\\\eng|\
=034  1\$aa$b17700$dW0014928$eW0015747$fN0513150$gN0512940$2bound
=040  \\$aUk$beng$cUk$dUk
=042  \\$aukblsr
=082  04$a912.421$223
=100  1\$aPhillips, Richard,$d1767-1840.
=245  10$a[Map of London].
=255  \\$aScale approximately 1:17,700$c(W 1°49'28"--W 1°57'47"/N 51°31'50"--N 51°29'40").
=260  \\$a[London] :$bpublished by R. Phillips, New Bridge Street,$cJanry 1st 1810.
=300  \\$a1 map ;$c23 x 58 cm
=336  \\$acartographic image$2rdacontent
=337  \\$aunmediated$2rdamedia
=338  \\$asheet$2rdacarrier
=500  \\$aThis untitled map is a later edition one first published by Phillips in the 1802 'Picture of London'. The map is divided into mile squares with letters along the border for reference, and shows the new London Docks. The proposed street layout across the fields in Shoreditch, between Mile End Road and Bethnal Green Road, is indicated by a double dotted line.
=500  \\$aFirst published in 1802; later ed. issued in 1805 and 1806. This is later state not mentioned by Howgego, date in imprint altered to 1810.
=500  \\$aFrom The picture of London ... published by R. Phillips.
=500  \\$aMap is divided into squares and borders lettered for reference.
=510  4\$aCrace, John Gregory, A catalogue of maps, plans and views of London, Westminster and Southwark collected and arranged by Frederick Crace (1878),$cno. 200, p. 36
=510  4\$aHowgego, James. Printed maps of London,$bcirca 1553-1850,$cno. 226, pp. 173-174
=510  4\$aScott, Valerie. Tooley's dictionary of mapmakers K-P (2003),$bp. 462
=651  \0$aLondon (England)$vMaps.
=655  \7$aMaps.$2fast$0(OCoLC)fst01423704
=700  1\$aCrace, Frederick,$d1779-1859,$eformer owner.
=700  1\$aCrace, John Gregory,$d1809-1889,$edonor.
=852  41$aBritish Library$bMAPS$jMaps Crace Port. 6.200
=856  41$3Copy at Maps Crace Port. 6.200$uhttp://www.bl.uk/onlinegallery/onlineex/crace/other/007zzz000000006u00200000.html$yDigitised map
=985  \\$aUpgraded from georeferencer data 2022-12-16.
=985  \\$aRecord amended for WR1606-1727
=985  \\$aUpdated by MS generated file for WR2302-017
=CAT  \\$a12842$b40$c20120712$lBLL01$h1112
=CAT  \\$a12842$b40$c20120720$lBLL01$h1743
=CAT  \\$aWR13.117$c20130718$lBLL01$h1854
=CAT  \\$a12842$b40$c20131002$lBLL01$h1312
=CAT  \\$a12842$b40$c20131024$lBLL01$h1448
=CAT  \\$aW1606-1727$c20160825$lBLL01$h1742
=CAT  \\$a14185$b40$c20221218$lBLL01$h1911
=CAT  \\$a14185$b40$c20221219$lBLL01$h0848
=CAT  \\$aW2302-0174$c20230223$lBLL01$h1959
=FIN  \\$aY$d20120712
=FMT  \\$a  MP
=LAS  \\$aW2302-0174$b00$c20230223$lBLL01$h1959

