=LDR  03206cem a2200589 a 4500
=001  016124016
=003  Uk
=005  20230223161622.0
=007  aj\aanzn
=008  120712q1810\\\\enk||||||\a\\\\\0\\\eng|\
=034  1\$aa$b17700$dW0014928$eW0015743$fN0513153$gN0512939$2bound
=040  \\$aUk$beng$cUk$dUk
=042  \\$aukblsr
=082  04$a912.421$223
=100  1\$aLuffman, John,$d1751-1821.
=245  10$aLondon, Westminster and Southwark.
=255  \\$aScale approximately 1:17,700$c(W 1°49'28"--W 1°57'43"/N 51°31'53"--N 51°29'39").
=260  \\$aLondon :$bpublish'd by I. Luffman,$c[ca. 1810]
=300  \\$a1 map ;$c23 x 58 cm
=336  \\$acartographic image$2rdacontent
=337  \\$aunmediated$2rdamedia
=338  \\$asheet$2rdacarrier
=500  \\$aThe title of this small map runs along the top, with the imprint and scale bar below the plan. The map shows Waterloo Bridge, or Strand Bridge, with the proposed southern approach indicated by a dotted line. Designed by John Rennie, Waterloo Bridge was constructed by a commercial company hoping to profit from toll-paying traffic. The bridge cost £1 million and was never profitable. The bridge was demolished and replaced controversially in 1936.
=500  \\$aDate in imprint taken from Howgego.
=500  \\$aProbably from the same plate as untitled map of London first published in 1802 by Richard Phillips.
=500  \\$aStrand (Waterloo) Bridge with proposed southern approach shown; intended Queen Street Bridge is indicated by pecked line.
=510  4\$aCrace, John Gregory, A catalogue of maps, plans and views of London, Westminster and Southwark collected and arranged by Frederick Crace (1878),$cno. 201, p. 36
=510  4\$aHowgego, James. Printed maps of London,$bcirca 1553-1850,$cno. 253, p. 192
=510  4\$aWorms, Laurence, Baynton-Williams, Ashley. British map engravers: a dictionary of engravers, lithographers and their principal employers,$bto 1850,$cpp. 417-419
=510  4\$aScott, Valerie. Tooley's dictionary of mapmakers K-P (2003),$bp. 165
=651  \0$aLondon (England)$vMaps.
=655  \7$aMaps.$2fast$0(OCoLC)fst01423704
=700  1\$aCrace, Frederick,$d1779-1859,$eformer owner.
=700  1\$aCrace, John Gregory,$d1809-1889,$edonor.
=852  41$aBritish Library$bMAPS$jMaps Crace Port. 6.201
=856  41$3Copy at Maps Crace Port. 6.201$uhttp://www.bl.uk/onlinegallery/onlineex/crace/l/007zzz000000006u00201000.html$yDigitised map
=985  \\$aUpgraded from georeferencer data 2022-12-16.
=985  \\$aRecord amended for WR1606-1727
=985  \\$aUpdated by MS generated file for WR2302-017
=CAT  \\$a12842$b40$c20120712$lBLL01$h1148
=CAT  \\$a12842$b40$c20120716$lBLL01$h1458
=CAT  \\$a12842$b40$c20120817$lBLL01$h1717
=CAT  \\$aWR13.117$c20130718$lBLL01$h1854
=CAT  \\$a12842$b40$c20131002$lBLL01$h1314
=CAT  \\$a12842$b40$c20131024$lBLL01$h1448
=CAT  \\$aW1606-1727$c20160825$lBLL01$h1742
=CAT  \\$a14185$b40$c20221218$lBLL01$h1911
=CAT  \\$a14185$b40$c20221219$lBLL01$h0924
=CAT  \\$aW2302-0174$c20230223$lBLL01$h1959
=FIN  \\$aY$d20120712
=FMT  \\$a  MP
=LAS  \\$aW2302-0174$b00$c20230223$lBLL01$h1959

