=LDR  02749cem a2200541 a 4500
=001  016124066
=003  Uk
=005  20230223161622.0
=007  aj\aanzn
=008  120712s1812\\\\enk||||||\a\\\\\0\\\eng|\
=034  1\$aa$dW0014911$eW0015806$fN0513224$gN0512916$2bound
=040  \\$aUk$beng$cUk$dUk
=042  \\$aukblsr
=082  04$a912.421$223
=100  1\$aTegg, Thomas,$d1776-1845.
=245  12$aA new plan of the cities of London, Westminster &c. &c. :$bwith all the new improvement.
=255  \\$aScale not determined$c(W 1°49'11"--W 1°58'06"/N 51°32'24"--N 51°29'16").
=260  \\$aLondon :$bpublished by T. Tegg, Cheapside,$cJany 20th 1812.
=300  \\$a1 map ;$c33 x 59 cm
=336  \\$acartographic image$2rdacontent
=337  \\$aunmediated$2rdamedia
=338  \\$asheet$2rdacarrier
=500  \\$aThe title and imprint of this map appear in a banner at the top left. The plan shows some of the improvements of the Regency period, including the new street layout of the Bedford Estate in Bloomsbury. This is the first edition of the map, which was later issued with an added sheet showing the East and West India Docks in the Isle of Dogs.
=500  \\$a1st ed.; later published with year in imprint altered to 1814.
=500  \\$aPencil annotation added to the title: 'Including the East and West London Docks'.
=510  4\$aCrace, John Gregory, A catalogue of maps, plans and views of London, Westminster and Southwark collected and arranged by Frederick Crace (1878),$cno. 202, p. 36
=510  4\$aHowgego, James. Printed maps of London,$bcirca 1553-1850,$cno. 258 (1), p. 195
=510  4\$aScott, Valerie. Tooley's dictionary of mapmakers Q-Z (2004),$bp. 256
=651  \0$aLondon (England)$vMaps.
=655  \7$aMaps.$2fast$0(OCoLC)fst01423704
=700  1\$aCrace, Frederick,$d1779-1859,$eformer owner.
=700  1\$aCrace, John Gregory,$d1809-1889,$edonor.
=852  41$aBritish Library$bMAPS$jMaps Crace Port. 6.202
=856  41$3Copy at Maps Crace Port. 6.202$uhttp://www.bl.uk/onlinegallery/onlineex/crace/a/007zzz000000006u00202000.html$yDigitised map
=985  \\$aUpgraded from georeferencer data 2022-12-16.
=985  \\$aRecord amended for WR1606-1727
=985  \\$aUpdated by MS generated file for WR2302-017
=CAT  \\$a12842$b40$c20120712$lBLL01$h1212
=CAT  \\$aWR13.117$c20130718$lBLL01$h1854
=CAT  \\$a12842$b40$c20131002$lBLL01$h1315
=CAT  \\$a12842$b40$c20131024$lBLL01$h1448
=CAT  \\$aW1606-1727$c20160825$lBLL01$h1742
=CAT  \\$a14185$b40$c20221218$lBLL01$h1911
=CAT  \\$a14185$b40$c20221219$lBLL01$h0929
=CAT  \\$aW2302-0174$c20230223$lBLL01$h1959
=FIN  \\$aY$d20120712
=FMT  \\$a  MP
=LAS  \\$aW2302-0174$b00$c20230223$lBLL01$h1959

