=LDR  03104cem a2200613 a 4500
=001  016124287
=003  Uk
=005  20230223161622.0
=007  aj\aanzn
=008  120712s1814\\\\enk||||||\a\\\\\0\\\eng|\
=034  1\$aa$dW0015149$eW0015632$fN0513231$gN0512902$2bound
=040  \\$aUk$beng$cUk$dUk
=042  \\$aukblsr
=082  04$a912.421$223
=100  1\$aJones, George,$epublisher.
=245  10$aLondon :$bplan of the survey /$cThomson sc. 14 Bury St. Bloomsby.
=255  \\$aScale not determined$c(W 1°51'49"--W 1°56'32"/N 51°32'31"--N 51°29'02").
=260  \\$a[London] :$bpublished by G. Jones Ave Maria Lane,$cNovr 9th 1814.
=300  \\$a1 map ;$c18 x 23 cm
=336  \\$acartographic image$2rdacontent
=337  \\$aunmediated$2rdamedia
=338  \\$asheet$2rdacarrier
=500  \\$aThis plan for a survey of London was published in Volume VIII of 'Encyclopaedia Londinensis' in 1814. The plan's title appears above the plan, with a compass star at the top right. St. Paul's Cathedral and other prominent buildings are shown pictorially, with other places of interest indicated by numbers.
=500  \\$aFrom Encyclopaedia Londinensis ... vol. 13, plate V.
=500  \\$aSt. Paul's, the Monument etc. shown pictorially, other landmarks indicated by numbers.
=510  4\$aCrace, John Gregory, A catalogue of maps, plans and views of London, Westminster and Southwark collected and arranged by Frederick Crace (1878),$cno. 206, p. 36
=510  4\$aHowgego, James. Printed maps of London,$bcirca 1553-1850,$cno. 261, p. 197
=510  4\$aFrench, Josephine. Tooley's dictionary of mapmakers E-J (2001),$bp. 454
=510  4\$aWorms, Laurence, Baynton-Williams, Ashley. British map engravers: a dictionary of engravers, lithographers and their principal employers,$bto 1850,$cpp. 661-662
=651  \0$aLondon (England)$vMaps.
=655  \7$aMaps.$2fast$0(OCoLC)fst01423704
=700  1\$aCrace, Frederick,$d1779-1859,$eformer owner.
=700  1\$aCrace, John Gregory,$d1809-1889,$edonor.
=700  1\$aThomson, Michael,$dactive 1809-1815,$eengraver.
=852  41$aBritish Library$bMAPS$jMaps Crace Port. 6.206
=856  41$3Copy at Maps Crace Port. 6.206$uhttp://www.bl.uk/onlinegallery/onlineex/crace/l/007zzz000000006u00206000.html$yDigitised map
=985  \\$aUpgraded from georeferencer data 2022-12-16.
=985  \\$a700=NEW
=985  \\$aRecord amended for WR# 13/070
=985  \\$aRecord amended for WR1606-1727
=985  \\$aUpdated by MS generated file for WR2302-017
=CAT  \\$a12842$b40$c20120712$lBLL01$h1517
=CAT  \\$aWR13_070$b00$c20130504$lBLL01$h0339
=CAT  \\$aWR13_070C$c20130611$lBLL01$h1859
=CAT  \\$aWR13.117$c20130718$lBLL01$h1854
=CAT  \\$a12842$b40$c20131002$lBLL01$h1321
=CAT  \\$a12842$b40$c20131024$lBLL01$h1449
=CAT  \\$aW1606-1727$c20160825$lBLL01$h1742
=CAT  \\$a14185$b40$c20221218$lBLL01$h1911
=CAT  \\$a14185$b40$c20221219$lBLL01$h0852
=CAT  \\$aW2302-0174$c20230223$lBLL01$h1959
=FIN  \\$aY$d20120712
=FMT  \\$a  MP
=LAS  \\$aW2302-0174$b00$c20230223$lBLL01$h1959

