=LDR  03172cem a2200601 a 4500
=001  016124314
=003  Uk
=005  20230223161622.0
=007  aj\aanzn
=008  120712s1828\\\\enk||||||\a\\\\\1\\\eng|\
=034  1\$aa$dW0015309$eW0015549$fN0513121$gN0513019$2bound
=040  \\$aUk$beng$cUk$dUk
=042  \\$aukblsr
=082  04$a912.421$223
=100  10$aAllen, Thomas,$d1803-1833.
=245  10$aPlan of the city of London divided into wards.
=255  \\$aScale not determined$c(W 1°53'09"--W 1°55'49"/N 51°31'21"--N 51°30'19").
=260  \\$a[London :$bpub. by Cowie & Strange,$c1828]
=300  \\$a1 map ;$c15 x 24 cm
=336  \\$acartographic image$2rdacontent
=337  \\$aunmediated$2rdamedia
=338  \\$asheet$2rdacarrier
=500  \\$aThis plan was published in Allen's 'History of London' of 1828. Its title and a list of the city wards feature below the plan, with ward boundaries indicated by a dotted line. City wards were created in the Norman era with aldermen elected for life for the purpose of government. Ward 'beadles' were employed full-time with responsibility for the "preservation of peace, supervision of trading, sanitation and local upkeep".
=500  \\$aFrom A new history of London, Westminster and the borough of Southwark by T. Allen, vol. 3.
=500  \\$aImprint taken from Printed maps of London, J. Howgego.
=500  \\$aNote engraved immediately above the map: Engraved expressly for Allen's History of London.
=500  \\$aA 27 point list of wards below map.
=510  4\$aCrace, John Gregory, A catalogue of maps, plans and views of London, Westminster and Southwark collected and arranged by Frederick Crace (1878),$cno. 207, p. 36
=510  4\$aHowgego, James. Printed maps of London,$bcirca 1553-1850,$cno. 314, p. 231
=510  4\$aWorms, Laurence, Baynton-Williams, Ashley. British map engravers: a dictionary of engravers, lithographers and their principal employers,$bto 1850,$cpp. 17-18
=651  \0$aLondon (England)$vMaps.
=655  \7$aMaps.$2fast$0(OCoLC)fst01423704
=700  1\$aCrace, Frederick,$d1779-1859,$eformer owner.
=700  1\$aCrace, John Gregory,$d1809-1889,$edonor.
=852  41$aBritish Library$bMAPS$jMaps Crace Port. 6.207
=856  41$3Copy at Maps Crace Port. 6.207$uhttp://www.bl.uk/onlinegallery/onlineex/crace/p/007zzz000000006u00207000.html$yDigitised map
=985  \\$aUpgraded from georeferencer data 2022-12-16.
=985  \\$aRecord amended for WR1606-1727
=985  \\$aUpdated by MS generated file for WR2302-017
=CAT  \\$a12842$b40$c20120712$lBLL01$h1549
=CAT  \\$a12842$b40$c20120713$lBLL01$h1610
=CAT  \\$a12842$b40$c20120713$lBLL01$h1618
=CAT  \\$aWR13.117$c20130718$lBLL01$h1854
=CAT  \\$a12842$b40$c20131002$lBLL01$h1324
=CAT  \\$a12842$b40$c20131024$lBLL01$h1449
=CAT  \\$aBATCH-UPD$b40$c20160224$lBLL01$h1704
=CAT  \\$aW1606-1727$c20160825$lBLL01$h1742
=CAT  \\$a14185$b40$c20221218$lBLL01$h1911
=CAT  \\$a14185$b40$c20221219$lBLL01$h0851
=CAT  \\$aW2302-0174$c20230223$lBLL01$h1959
=FIN  \\$aY$d20120712
=FMT  \\$a  MP
=LAS  \\$aW2302-0174$b00$c20230223$lBLL01$h1959

