=LDR  02719cem a2200541 a 4500
=001  016124329
=003  Uk
=005  20230223161622.0
=007  aj\aanzn
=008  120712q1816\\\\enk||||||\a\\\\\1\\\eng|\
=034  1\$aa$dW0014954$eW0015848$fN0513157$gN0512937$2bound
=040  \\$aUk$beng$cUk$dUk
=042  \\$aukblsr
=082  04$a912.421$223
=100  1\$aRobins, James.
=245  10$aLondon, extending from the Head of the Paddington canal west, to the West India Docks east.
=255  \\$aScale not determined$c(W 1°49'54"--W 1°58'48"/N 51°31'57"--N 51°29'37").
=260  \\$aLondon :$bpublished by J. Robins & Co., Albion Press,$c[ca. 1816]
=300  \\$a1 map ;$c24 x 55 cm
=336  \\$acartographic image$2rdacontent
=337  \\$aunmediated$2rdamedia
=338  \\$asheet$2rdacarrier
=500  \\$aThe title and imprint of this map appear at top right. The map is divided into reference squares, with a key to churches, public buildings and other places of interest in the table below the plan.
=500  \\$aMap is divided into rectangles with Roman numerals for reference. Index to churches, principal buildings and squares at bottom portion of plate.
=500  \\$aWaterloo and Southwark Bridges shown with approaches indicated by a faint line. Proposed line of Regent Street indicated.
=510  4\$aCrace, John Gregory, A catalogue of maps, plans and views of London, Westminster and Southwark collected and arranged by Frederick Crace (1878),$cno. 208, p. 36
=510  4\$aHowgego, James. Printed maps of London,$bcirca 1553-1850,$cno. 267, p. 199
=510  4\$aScott, Valerie. Tooley's dictionary of mapmakers Q-Z (2004),$bp. 55
=651  \0$aLondon (England)$vMaps.
=655  \7$aMaps.$2fast$0(OCoLC)fst01423704
=700  1\$aCrace, Frederick,$d1779-1859,$eformer owner.
=700  1\$aCrace, John Gregory,$d1809-1889,$edonor.
=852  41$aBritish Library$bMAPS$jMaps Crace Port. 6.208
=856  41$3Copy at Maps Crace Port. 6.208$uhttp://www.bl.uk/onlinegallery/onlineex/crace/l/007zzz000000006u00208000.html$yDigitised map
=985  \\$aUpgraded from georeferencer data 2022-12-16.
=985  \\$aRecord amended for WR1606-1727
=985  \\$aUpdated by MS generated file for WR2302-017
=CAT  \\$a12842$b40$c20120712$lBLL01$h1617
=CAT  \\$aWR13.117$c20130718$lBLL01$h1854
=CAT  \\$a12842$b40$c20131002$lBLL01$h1327
=CAT  \\$a12842$b40$c20131024$lBLL01$h1449
=CAT  \\$aW1606-1727$c20160825$lBLL01$h1742
=CAT  \\$a14185$b40$c20221218$lBLL01$h1911
=CAT  \\$a14185$b40$c20221219$lBLL01$h0929
=CAT  \\$aW2302-0174$c20230223$lBLL01$h1959
=FIN  \\$aY$d20120712
=FMT  \\$a  MP
=LAS  \\$aW2302-0174$b00$c20230223$lBLL01$h1959

