=LDR  03444cem a2200637 a 4500
=001  016124340
=003  Uk
=005  20230223161623.0
=007  aj\aanzn
=008  120712s1816\\\\enk||||||\a\\\\\0\\\eng|\
=034  1\$aa$dW0014936$eE0000018$fN0513223$gN0512836$2bound
=040  \\$aUk$beng$cUk$dUk
=042  \\$aukblsr
=082  04$a912.421$223
=110  2\$aSherwood, Neely, and Jones.
=245  10$aMap of London, and its environs. 1816 /$cengraved by H. Cooper, 28 Chancery Lane.
=255  \\$aScale not determined$c(W 1°49'36"--E 0°0'18"/N 51°32'23"--N 51°28'36").
=260  \\$aLondon :$bpublished by I. M. Richardson, Cornhill & sold by Sherwood, Neely & Jones, Paternoster Row,$cJany 1, 1816.
=300  \\$a1 map ;$c39 x 72 cm
=336  \\$acartographic image$2rdacontent
=337  \\$aunmediated$2rdamedia
=338  \\$asheet$2rdacarrier
=500  \\$aThis later edition of Sherwood, Neely and Jones's 1813 original. The title appears along the top, with the publisher's imprint and scale bar below the plan. The map shows Regents Park and the proposed new bridges at Vauxhall and Waterloo, with the Isle of Dogs and the East and West India Docks on an added sheet.
=500  \\$a3rd ed.; first published in 1813. Also appears in Topography of London by John Lockie, 1813. Later ed. published undated with 'Map of' omitted from title, ca. 1823.
=500  \\$aMap is divided into squares and margins lettered for reference.
=500  \\$aProposed Strand and Vauxhall Bridges and approach roads shown by pecked line.
=510  4\$aCrace, John Gregory, A catalogue of maps, plans and views of London, Westminster and Southwark collected and arranged by Frederick Crace (1878),$cno. 209, p. 36
=510  4\$aHowgego, James. Printed maps of London,$bcirca 1553-1850,$cno. 260 (3), p. 196
=510  4\$aScott, Valerie. Tooley's dictionary of mapmakers Q-Z (2004),$bp. 42
=510  4\$aWorms, Laurence, Baynton-Williams, Ashley. British map engravers: a dictionary of engravers, lithographers and their principal employers,$bto 1850,$cpp. 165-166
=651  \0$aLondon (England)$vMaps.
=655  \7$aMaps.$2fast$0(OCoLC)fst01423704
=700  1\$aCooper, Henry,$dactive 1804-1819,$eengraver.
=700  1\$aCrace, Frederick,$d1779-1859,$eformer owner.
=700  1\$aCrace, John Gregory,$d1809-1889,$edonor.
=700  1\$aRichardson, J. M.$q(James Mallcott).
=852  41$aBritish Library$bMAPS$jMaps Crace Port. 6.209
=856  41$3Copy at Maps Crace Port. 6.209$uhttp://www.bl.uk/onlinegallery/onlineex/crace/m/007zzz000000006u00209000.html$yDigitised map
=985  \\$aUpgraded from georeferencer data 2022-12-16.
=985  \\$aRecord amended for WR# 13/070
=985  \\$aRecord amended for WR1606-1727
=985  \\$aUpdated by MS generated file for WR2302-017
=CAT  \\$a12842$b40$c20120712$lBLL01$h1635
=CAT  \\$aBATCH-UPD$b40$c20130430$lBLL01$h1545
=CAT  \\$aWR13_070$b00$c20130504$lBLL01$h0339
=CAT  \\$aWR13.117$c20130718$lBLL01$h1854
=CAT  \\$a12842$b40$c20131002$lBLL01$h1329
=CAT  \\$a12842$b40$c20131024$lBLL01$h1449
=CAT  \\$aW1606-1727$c20160825$lBLL01$h1742
=CAT  \\$aBATCH-UPD$b00$c20170614$lBLL01$h1629
=CAT  \\$a14185$b40$c20221218$lBLL01$h1911
=CAT  \\$a14185$b40$c20221219$lBLL01$h0903
=CAT  \\$aW2302-0174$c20230223$lBLL01$h1959
=FIN  \\$aY$d20120712
=FMT  \\$a  MP
=LAS  \\$aW2302-0174$b00$c20230223$lBLL01$h1959

