=LDR  03622cem a2200589 a 4500
=001  016124360
=003  Uk
=005  20230223161623.0
=007  aj\canzn
=008  120712q1819\\\\enk||||||\a\\\\\1\\\eng|\
=034  1\$aa$dW0014835$eW0015957$fN0513321$gN0512808$2bound
=040  \\$aUk$beng$cUk$dUk
=042  \\$aukblsr
=082  04$a912.421$223
=110  2\$aLaurie & Whittle.
=245  10$aLaurie and Whittle's new map of London :$bwith its environs, &c. Including the recent improvements.
=255  \\$aScale not determined$c(W 1°48'35"--W 1°59'57"/N 51°33'21"--N 51°28'08").
=260  \\$aLondon :$bpublished by Laurie & Whittle, 53 Fleet Street,$c13th July 1813.
=300  \\$a1 map :$bhand col. ;$c58 x 77 cm
=336  \\$acartographic image$2rdacontent
=337  \\$aunmediated$2rdamedia
=338  \\$asheet$2rdacarrier
=500  \\$aThe title of this map of London and suburbs appears at top left, with the key to symbols and abbreviations at the top right and a compass rose at the bottom centre. The map is divided into mile squares with borders marked off in furlongs for reference. Squares, open spaces and city boundaries are distinguished in colour. This is a later edition of a map first issued in 1804, updated to include the new bridges and the approaches at Waterloo and Vauxhall (indicated by dotted lines). Built between 1809 and 1819, Vauxhall, Waterloo and Southwark bridges were projected, funded and constructed by private commercial companies hoping to profit from toll-paying traffic from Lambeth, Camberwell and the rest of south London.
=500  \\$aFirst published in 1804. This state has a note 'With Additions to the Present Time 1819' added after imprint.
=500  \\$aMap is divided into mile squares and borders marked off in furlongs.
=500  \\$aRegent's Park, Southwark Bridge, and intended extensions of Greenwich Road (New Kent Road) and Tooley Street shown.
=500  \\$aRiver, docks, some roads and green spaces coloured; City of London outlined in red.
=510  4\$aCrace, John Gregory, A catalogue of maps, plans and views of London, Westminster and Southwark collected and arranged by Frederick Crace (1878),$cno. 211, p. 37
=510  4\$aHowgego, James. Printed maps of London,$bcirca 1553-1850,$cno. 231 (9), pp. 176-177
=510  4\$aWorms, Laurence, Baynton-Williams, Ashley. British map engravers: a dictionary of engravers, lithographers and their principal employers,$bto 1850,$cpp. 391-392
=651  \0$aLondon (England)$vMaps.
=655  \7$aMaps.$2fast$0(OCoLC)fst01423704
=700  1\$aCrace, Frederick,$d1779-1859,$eformer owner.
=700  1\$aCrace, John Gregory,$d1809-1889,$edonor.
=852  41$aBritish Library$bMAPS$jMaps Crace Port. 6.211
=856  41$3Copy at Maps Crace Port. 6.211$uhttp://www.bl.uk/onlinegallery/onlineex/crace/l/007zzz000000006u00211000.html$yDigitised map
=985  \\$aUpgraded from georeferencer data 2022-12-16.
=985  \\$aRecord amended for WR1606-1727
=985  \\$aUpdated by MS generated file for WR2302-017
=CAT  \\$a12842$b40$c20120712$lBLL01$h1705
=CAT  \\$a12842$b40$c20120713$lBLL01$h1112
=CAT  \\$aWR13.117$c20130718$lBLL01$h1854
=CAT  \\$a7416$b40$c20130731$lBLL01$h1614
=CAT  \\$a12842$b40$c20131002$lBLL01$h1331
=CAT  \\$a12842$b40$c20131024$lBLL01$h1450
=CAT  \\$aW1606-1727$c20160825$lBLL01$h1742
=CAT  \\$a14185$b40$c20221218$lBLL01$h1911
=CAT  \\$a14185$b40$c20221219$lBLL01$h0926
=CAT  \\$aW2302-0174$c20230223$lBLL01$h1959
=FIN  \\$aY$d20120713
=FMT  \\$a  MP
=LAS  \\$aW2302-0174$b00$c20230223$lBLL01$h1959

