=LDR  02948cem a2200589 a 4500
=001  016124567
=003  Uk
=005  20230223161623.0
=007  aj\aanzn
=008  120713s1818\\\\enk||||||\a\\\\\0\\\eng|\
=034  1\$aa$dW0014920$eW0015729$fN0513239$gN0512847$2bound
=040  \\$aUk$beng$cUk$dUk
=042  \\$aukblsr
=082  04$a912.421$223
=100  1\$aLeigh, Samuel.
=245  10$a[Leigh's new plan of London] /$cengraved by Sidy Hall.
=255  \\$aScale not determined$c(W 1°49'20"--W 1°57'29"/N 51°32'39"--N 51°28'47").
=260  \\$a[London :$bpublished by Samuel Leigh, 18 Strand,$c1818]
=300  \\$a1 map ;$c43 x 55 cm
=336  \\$acartographic image$2rdacontent
=337  \\$aunmediated$2rdamedia
=338  \\$asheet$2rdacarrier
=500  \\$aThis map was published in the first edition of 'Leigh's New Picture of London' in 1818. It shows Southwark Bridge and the proposed New North Road, across Finsbury Fields in Islington.
=500  \\$a1st ed.; published in Leigh's new picture of London ..., 1818. Later issued in 1819 and 1824.
=500  \\$aWaterloo and Southwark Bridges shown and named, line of approach road and 'Intended North Road' accross Finsbury Fields indicated.
=510  4\$aCrace, John Gregory, A catalogue of maps, plans and views of London, Westminster and Southwark collected and arranged by Frederick Crace (1878),$cno. 213, p. 37
=510  4\$aHowgego, James. Printed maps of London,$bcirca 1553-1850,$cno. 274 (1), pp. 203-204
=510  4\$aScott, Valerie. Tooley's dictionary of mapmakers K-P (2003),$bpp. 111-112
=510  4\$aWorms, Laurence, Baynton-Williams, Ashley. British map engravers: a dictionary of engravers, lithographers and their principal employers,$bto 1850,$cpp. 291-292
=651  \0$aLondon (England)$vMaps.
=655  \7$aMaps.$2fast$0(OCoLC)fst01423704
=700  1\$aCrace, Frederick,$d1779-1859,$eformer owner.
=700  1\$aCrace, John Gregory,$d1809-1889,$edonor.
=700  1\$aHall, Sidney,$eengraver.
=852  41$aBritish Library$bMAPS$jMaps Crace Port. 6.213
=856  41$3Copy at Maps Crace Port. 6.213$uhttp://www.bl.uk/onlinegallery/onlineex/crace/l/007zzz000000006u00213000.html$yDigitised map
=985  \\$aUpgraded from georeferencer data 2022-12-16.
=985  \\$aRecord amended for WR1606-1727
=985  \\$aUpdated by MS generated file for WR2302-017
=CAT  \\$a12842$b40$c20120713$lBLL01$h1326
=CAT  \\$a12842$b40$c20120716$lBLL01$h1204
=CAT  \\$a12842$b40$c20120716$lBLL01$h1215
=CAT  \\$aWR13.117$c20130718$lBLL01$h1854
=CAT  \\$a12842$b40$c20131002$lBLL01$h1334
=CAT  \\$a12842$b40$c20131024$lBLL01$h1450
=CAT  \\$aW1606-1727$c20160825$lBLL01$h1742
=CAT  \\$a14185$b40$c20221218$lBLL01$h1911
=CAT  \\$a14185$b40$c20221219$lBLL01$h0854
=CAT  \\$aW2302-0174$c20230223$lBLL01$h1959
=FIN  \\$aY$d20120713
=FMT  \\$a  MP
=LAS  \\$aW2302-0174$b00$c20230223$lBLL01$h1959

