=LDR  02760cem a2200577 a 4500
=001  016124640
=003  Uk
=005  20230223161623.0
=007  aj\canzn
=008  120713q1821\\\\enk||||||\a\\\\\0\\\eng|\
=034  1\$aa$dW0014917$eW0015757$fN0513301$gN0512914$2bound
=040  \\$aUk$beng$cUk$dUk
=042  \\$aukblsr
=082  04$a912.421$223
=100  1\$aWallis, Edward.
=245  10$a[Wallis's guide for strangers through London and its environs].
=255  \\$aScale not determined$c(W 1°49'17"--W 1°57'57"/N 51°33'01"--N 51°29'14").
=260  \\$a[London] :$bpublished by Edwd. Wallis, 42 Skinner Street, Snow Hill,$c[1821]
=300  \\$a1 map :$bhand col. ;$c41 x 61 cm
=336  \\$acartographic image$2rdacontent
=337  \\$aunmediated$2rdamedia
=338  \\$asheet$2rdacarrier
=500  \\$aFirst published in 1820; latest ed. with date in title altered to 1845.
=500  \\$aDate taken from A catalogue of maps, plans and views of London, Westminster and Southwark collected and arranged by Frederick Crace, 1878.
=500  \\$aMap is divided into rectangles and lettered for reference.
=500  \\$aRegents Canal and Southwark Bridge shown.
=500  \\$aRiver, docks, some roads and green spaces coloured; City of London outlined and coloured in red.
=510  4\$aCrace, John Gregory, A catalogue of maps, plans and views of London, Westminster and Southwark collected and arranged by Frederick Crace (1878),$cno. 215, p. 37
=510  4\$aHowgego, James. Printed maps of London,$bcirca 1553-1850,$cno. 281 (2), pp. 207-208
=510  4\$aScott, Valerie. Tooley's dictionary of mapmakers Q-Z (2004),$bp. 350
=651  \0$aLondon (England)$vMaps.
=655  \7$aMaps.$2fast$0(OCoLC)fst01423704
=700  1\$aCrace, Frederick,$d1779-1859,$eformer owner.
=700  1\$aCrace, John Gregory,$d1809-1889,$edonor.
=852  41$aBritish Library$bMAPS$jMaps Crace Port. 6.215
=856  41$3Copy at Maps Crace Port. 6.215$uhttp://www.bl.uk/onlinegallery/onlineex/crace/a/007zzz000000006u00215000.html$yDigitised map
=985  \\$aUpgraded from georeferencer data 2022-12-16.
=985  \\$aRecord amended for WR1606-1727
=985  \\$aUpdated by MS generated file for WR2302-017
=CAT  \\$a12842$b40$c20120713$lBLL01$h1437
=CAT  \\$aWR13.117$c20130718$lBLL01$h1854
=CAT  \\$a12842$b40$c20131002$lBLL01$h1347
=CAT  \\$a12842$b40$c20131024$lBLL01$h1451
=CAT  \\$aBATCH-UPD$b40$c20160224$lBLL01$h1704
=CAT  \\$aW1606-1727$c20160825$lBLL01$h1742
=CAT  \\$aBATCH-UPD$b00$c20170210$lBLL01$h2102
=CAT  \\$a14185$b40$c20221218$lBLL01$h1911
=CAT  \\$aW2302-0174$c20230223$lBLL01$h1959
=FIN  \\$aY$d20120713
=FMT  \\$a  MP
=LAS  \\$aW2302-0174$b00$c20230223$lBLL01$h1959

