=LDR  03375cem a2200589 a 4500
=001  016124715
=003  Uk
=005  20230223161623.0
=007  aj\aanzn
=008  120713q18301837enk||||||\a\\\\\0\\\eng|\
=034  1\$aa$dW0015232$eW0015537$fN0513120$gN0513018$2bound
=040  \\$aUk$beng$cUk$dUk
=042  \\$aukblsr
=082  04$a912.421$223
=100  1\$aIngrey, Charles,$epublisher.
=245  10$aLabyrinthus Londinensis, or the equestrian preplexed /$cC. Ingrey lithog.
=255  \\$aScale not determined$c(W 1°52'32"--W 1°55'37"/N 51°31'20"--N 51°30'18").
=260  \\$aLondon :$bpublished by C. Ingrey, 310 Strand, and F. Waller, 49 Fleet Street,$c[1830-1837]
=300  \\$a1 map ;$c12 x 22 cm
=336  \\$acartographic image$2rdacontent
=337  \\$aunmediated$2rdamedia
=338  \\$asheet$2rdacarrier
=500  \\$aThe author of this small plan of London invites his readers to find their way around the city, from the Strand to St. Paul's, avoiding the many roads closed for repair. The plan's title appears at the top, with the royal Arms at the top left, the city arms at the top right, the arms of Bridge House at the bottom right and the arms of Westminster at the bottom left. A note explains the rules of the puzzle in the panel below the plan.
=500  \\$aDate in imprint taken from Printed maps of London, J. Howgego.
=500  \\$aRoyal coat of arms top left, City arms top right, City of Westminster arms bottom left and Bridge House mark bottom right.
=500  \\$aBelow map engraved: A puzzle. Suggested by the stoppages occasioned by repairing the streets. The object is to find a way from the Strand to St. Paul's without crossing any of the Bars in the streets supposed to be under repair.
=510  4\$aCrace, John Gregory, A catalogue of maps, plans and views of London, Westminster and Southwark collected and arranged by Frederick Crace (1878),$cno. 214, p. 37
=510  4\$aHowgego, James. Printed maps of London,$bcirca 1553-1850,$cno. 326, p. 238
=510  4\$aWorms, Laurence, Baynton-Williams, Ashley. British map engravers: a dictionary of engravers, lithographers and their principal employers,$bto 1850,$cp. 342
=650  \0$aBoard games$vMaps.
=651  \0$aLondon (England)$vMaps.
=655  \7$aMaps.$2fast$0(OCoLC)fst01423704
=700  1\$aCrace, Frederick,$d1779-1859,$eformer owner.
=700  1\$aCrace, John Gregory,$d1809-1889,$edonor.
=852  41$aBritish Library$bMAPS$jMaps Crace Port. 6.214.(1.)
=856  41$3Copy at Maps Crace Port. 6.214.(1.)$uhttp://www.bl.uk/onlinegallery/onlineex/crace/l/007zzz000000006u00214000.html$yDigitised map
=985  \\$aUpgraded from georeferencer data 2022-12-16.
=985  \\$aRecord amended for WR1606-1727
=985  \\$aUpdated by MS generated file for WR2302-017
=CAT  \\$a12842$b40$c20120713$lBLL01$h1733
=CAT  \\$aWR13.117$c20130718$lBLL01$h1854
=CAT  \\$a12842$b40$c20131002$lBLL01$h1336
=CAT  \\$a12842$b40$c20131002$lBLL01$h1339
=CAT  \\$a12842$b40$c20131002$lBLL01$h1429
=CAT  \\$a12842$b40$c20131024$lBLL01$h1450
=CAT  \\$aW1606-1727$c20160825$lBLL01$h1742
=CAT  \\$a14185$b40$c20221218$lBLL01$h1911
=CAT  \\$a14185$b40$c20221219$lBLL01$h0934
=CAT  \\$aW2302-0174$c20230223$lBLL01$h1959
=FIN  \\$aY$d20120713
=FMT  \\$a  MP
=LAS  \\$aW2302-0174$b00$c20230223$lBLL01$h1959

