=LDR  03072cem a2200565 a 4500
=001  016125527
=003  Uk
=005  20230223161623.0
=007  aj\aanzn
=008  120716s1823\\\\enk||||||\a\\\\\0\\\eng|\
=034  1\$aa$b17100$dW0014907$eE0000040$fN0513341$gN0512758$2bound
=040  \\$aUk$beng$cUk$dUk
=042  \\$aukblsr
=082  04$a912.421$223
=100  1\$aThompson, George,$eengraver.
=245  12$aA new map of London and its environs from and original survey :$bextending 8 miles east and west, 6 1/4 miles north & south in which all new and intended buildings and improvements, &c. are carefully inserted /$cdrawn by Mr. Thompson, 35 St. Martins Lane, Charing Cross.
=255  \\$aScale approximately 1:17,100$c(W 1°49'07"--E 0°0'40"/N 51°33'41"--N 51°27'58").
=260  \\$aLondon :$bpublished by Reeves & Hoare, 13 Little Queen Street, Lincoln's Inn Fields & 45 Kirby St., Hatton Gardn,$cJany 1st, 1823.
=300  \\$a1 map ;$c61 x 77 cm
=336  \\$acartographic image$2rdacontent
=337  \\$aunmediated$2rdamedia
=338  \\$asheet$2rdacarrier
=500  \\$aThis London Map comprises two sheets, with title at top right, imprint below the title, compass star at middle right and the scale bar at bottom left. Set within a decorative border, the map extends beyond the built-up area of the city to include parts of Middlesex, Surrey, the Lea River Valley and Greenwich.
=500  \\$a2nd ed.; first published in 1822, later ed. with year in imprint altered to 1824, 1826 and 1827.
=510  4\$aCrace, John Gregory, A catalogue of maps, plans and views of London, Westminster and Southwark collected and arranged by Frederick Crace (1878),$cno. 216, p. 37
=510  4\$aHowgego, James. Printed maps of London,$bcirca 1553-1850,$cno. 289a (2), p. 213
=510  4\$aScott, Valerie. Tooley's dictionary of mapmakers Q-Z (2004),$bp. 268
=651  \0$aLondon (England)$vMaps.
=655  \7$aMaps.$2fast$0(OCoLC)fst01423704
=700  1\$aCrace, Frederick,$d1779-1859,$eformer owner.
=700  1\$aCrace, John Gregory,$d1809-1889,$edonor.
=852  41$aBritish Library$bMAPS$jMaps Crace Port. 6.216
=856  41$3Copy at Maps Crace Port. 6.216$uhttp://www.bl.uk/onlinegallery/onlineex/crace/a/007zzz000000006u00216000.html$yDigitised map
=985  \\$aUpgraded from georeferencer data 2022-12-16.
=985  \\$aRecord amended for WR1606-1727
=985  \\$aUpdated by MS generated file for WR2302-017
=CAT  \\$a12842$b40$c20120716$lBLL01$h1645
=CAT  \\$a12842$b40$c20120716$lBLL01$h1646
=CAT  \\$a12842$b40$c20120716$lBLL01$h1647
=CAT  \\$a12842$b40$c20120718$lBLL01$h1123
=CAT  \\$aWR13.117$c20130718$lBLL01$h1854
=CAT  \\$a12842$b40$c20131002$lBLL01$h1401
=CAT  \\$a12842$b40$c20131024$lBLL01$h1451
=CAT  \\$aW1606-1727$c20160825$lBLL01$h1742
=CAT  \\$a14185$b40$c20221218$lBLL01$h1911
=CAT  \\$a14185$b40$c20221219$lBLL01$h0903
=CAT  \\$aW2302-0174$c20230223$lBLL01$h1959
=FIN  \\$aY$d20120716
=FMT  \\$a  MP
=LAS  \\$aW2302-0174$b00$c20230223$lBLL01$h1959

