=LDR  03029cem a2200553 a 4500
=001  016125811
=003  Uk
=005  20230223161623.0
=007  aj\aanzn
=008  120717s1823\\\\enk||||||\a\\\\\0\\\eng|\
=034  1\$aa$b10200$dW0014952$eW0015739$fN0513159$gN0512931$2bound
=040  \\$aUk$beng$cUk$dUk
=042  \\$aukblsr
=082  04$a912.421$223
=100  1\$aMogg, Edward,$eengraver,$epublisher.
=245  13$aAn entire new plan of the cities of London & Westminster; with the borough of Southwark :$bcomprehending the new buildings and other alterations, to the present time /$cengraved by Edward Mogg.
=250  \\$a5th ed.
=255  \\$aScale approximately 1:10,200$c(W 1°49'52"--W 1°57'39"/N 51°31'59"--N 51°29'31").
=260  \\$aLondon :$bpublished by Edward Mogg, No. 51 Charing Cross,$cJany 1, 1823.
=300  \\$a1 map ;$c46 x 89 cm
=336  \\$acartographic image$2rdacontent
=337  \\$aunmediated$2rdamedia
=338  \\$asheet$2rdacarrier
=500  \\$aThis map of London comprises two sheets with the title and imprint at top left, a compass star at top right and scale bar and explanatory note at the bottom right. This is a later edition of a map first published by Mogg at the beginning of the 19th century, updated to include Waterloo Bridge and Waterloo Bridge Road.
=500  \\$aFirst published ca. 1803; latest ed. with year in imprint altered to 1828.
=500  \\$aBased on Cary's new pocket plan of London, Westminster and Soutwark first published in 1790 by John Cary.
=510  4\$aCrace, John Gregory, A catalogue of maps, plans and views of London, Westminster and Southwark collected and arranged by Frederick Crace (1878),$cno. 217, p. 37
=510  4\$aHowgego, James. Printed maps of London,$bcirca 1553-1850,$cno. 227 (18), pp. 174-175
=510  4\$aWorms, Laurence, Baynton-Williams, Ashley. British map engravers: a dictionary of engravers, lithographers and their principal employers,$bto 1850,$cpp. 454-455
=651  \0$aLondon (England)$vMaps.
=655  \7$aMaps.$2fast$0(OCoLC)fst01423704
=700  1\$aCrace, Frederick,$d1779-1859,$eformer owner.
=700  1\$aCrace, John Gregory,$d1809-1889,$edonor.
=852  41$aBritish Library$bMAPS$jMaps Crace Port. 6.217
=856  41$3Copy at Maps Crace Port. 6.217$uhttp://www.bl.uk/onlinegallery/onlineex/crace/a/007zzz000000006u00217000.html$yDigitised map
=985  \\$aUpgraded from georeferencer data 2022-12-16.
=985  \\$aRecord amended for WR1606-1727
=985  \\$aUpdated by MS generated file for WR2302-017
=CAT  \\$a12842$b40$c20120717$lBLL01$h1117
=CAT  \\$aWR13.117$c20130718$lBLL01$h1854
=CAT  \\$a12842$b40$c20131002$lBLL01$h1404
=CAT  \\$a12842$b40$c20131024$lBLL01$h1451
=CAT  \\$aW1606-1727$c20160825$lBLL01$h1742
=CAT  \\$a14185$b40$c20221218$lBLL01$h1911
=CAT  \\$a14185$b40$c20221219$lBLL01$h0900
=CAT  \\$aW2302-0174$c20230223$lBLL01$h1959
=FIN  \\$aY$d20120717
=FMT  \\$a  MP
=LAS  \\$aW2302-0174$b00$c20230223$lBLL01$h1959

