=LDR  03287cem a2200589 a 4500
=001  016125853
=003  Uk
=005  20230223161623.0
=007  aj\aanzn
=008  120717s1823\\\\enk||||||\a\\\\\0\\\eng|\
=034  1\$aa$b9800$dW0014957$eW0015737$fN0513157$gN0512936$2bound
=040  \\$aUk$beng$cUk$dUk
=042  \\$aukblsr
=082  04$a912.421$223
=100  1\$aWyld, James,$d1790-1836.
=245  12$aA plan of London and Westminster with the borough of Southwark. 1823.
=255  \\$aScale approximately 1:9,800$c(W 1°49'57"--W 1°57'37"/N 51°31'57"--N 51°29'36").
=260  \\$a[London] :$bpublished by James Wyld (successor to W. Faden), Geographer to the King & to H. R. H. the Duke of York, 5 Charing Cross,$c1823.
=300  \\$a1 map ;$c45 x 91 cm
=336  \\$acartographic image$2rdacontent
=337  \\$aunmediated$2rdamedia
=338  \\$asheet$2rdacarrier
=500  \\$aMap of London with the title in a panel at top left, imprint below the plan, key to colours at bottom centre, a scale bar at bottom right and with a list of parishes in tables near bottom left and bottom right. The map is divided into furlong squares printed in red ink and features numbers along the borders for reference. The son of a map publisher, James Wyld attended military college before entering the map trade. He became one of the best-known map publishers of the middle of the 19th Century and during the railway-building mania of those years, his maps of railway developments were often put before parliament.
=500  \\$a1st. ed; later published with year in title and imprint altered to 1825.
=500  \\$aIncludes list of parishes bottom left and right.
=500  \\$aBorough of Southwark outlined in green.
=510  4\$aCrace, John Gregory, A catalogue of maps, plans and views of London, Westminster and Southwark collected and arranged by Frederick Crace (1878),$cno. 218, p. 37
=510  4\$aHowgego, James. Printed maps of London,$bcirca 1553-1850,$cno. 297 (1), p. 217
=510  4\$aScott, Valerie. Tooley's dictionary of mapmakers Q-Z (2004),$bpp. 415-417
=651  \0$aLondon (England)$vMaps.
=655  \7$aMaps.$2fast$0(OCoLC)fst01423704
=700  1\$aCrace, Frederick,$d1779-1859,$eformer owner.
=700  1\$aCrace, John Gregory,$d1809-1889,$edonor.
=852  41$aBritish Library$bMAPS$jMaps Crace Port. 6.218
=856  41$3Copy at Maps Crace Port. 6.218$uhttp://www.bl.uk/onlinegallery/onlineex/crace/a/007zzz000000006u00218000.html$yDigitised map
=985  \\$aUpgraded from georeferencer data 2022-12-16.
=985  \\$aRecord amended for WR1606-1727
=985  \\$aUpdated by MS generated file for WR2302-017
=CAT  \\$a12842$b40$c20120717$lBLL01$h1152
=CAT  \\$a12842$b40$c20120717$lBLL01$h1154
=CAT  \\$a12842$b40$c20120717$lBLL01$h1717
=CAT  \\$aWR13.117$c20130718$lBLL01$h1854
=CAT  \\$a12842$b40$c20131002$lBLL01$h1406
=CAT  \\$a12842$b40$c20131024$lBLL01$h1451
=CAT  \\$aW1606-1727$c20160825$lBLL01$h1742
=CAT  \\$a14185$b40$c20221218$lBLL01$h1910
=CAT  \\$a14185$b40$c20221219$lBLL01$h0941
=CAT  \\$a14185$b40$c20221219$lBLL01$h0944
=CAT  \\$aW2302-0174$c20230223$lBLL01$h1959
=FIN  \\$aY$d20120717
=FMT  \\$a  MP
=LAS  \\$aW2302-0174$b00$c20230223$lBLL01$h1959

