=LDR  03372cem a2200625 a 4500
=001  016125998
=003  Uk
=005  20230223161623.0
=007  aj\aanzn
=008  120717s1823\\\\enk||||||\a\\\\\0\\\eng|\
=034  1\$aa$b12550$dW0014941$eE0000037$fN0513222$gN0512839$2bound
=040  \\$aUk$beng$cUk$dUk
=042  \\$aukblsr
=082  04$a912.421$223
=100  1\$aFaden, William,$d1749-1836.
=245  10$aPlan of London and Westminster, with the borough of Soutwark :$bbeing an index to the large plan in forty sheets.
=255  \\$aScale approximately 1:12,550$c(W 1°49'41"--E 0°0'37"/N 51°32'22"--N 51°28'39").
=260  \\$a[London] :$bpublished by W. Faden, Charing Cross Geographer to His Majesty,$cJanuary 1st 1823.
=300  \\$a1 map ;$c55 x 102 cm
=336  \\$acartographic image$2rdacontent
=337  \\$aunmediated$2rdamedia
=338  \\$asheet$2rdacarrier
=500  \\$aThis folding map of London was originally published as the index to Horwood's famous map of Regency London. The map features the title, imprint and scale bar at the top right and is divided into squares, with letters and numbers along the borders for reference.
=500  \\$aFirst published ca. 1818; latest ed. with year in imprint altered to 1846.
=500  \\$aServed as an index map to Plan of the cities of London and Westminster ... by Richard Horwood published between 1792 and 1799.
=500  \\$aMap is divided into squares and borders lettered and numbered for reference. Enlarged top and bottom by strips which are not squared.
=510  4\$aCrace, John Gregory, A catalogue of maps, plans and views of London, Westminster and Southwark collected and arranged by Frederick Crace (1878),$cno. 219, p. 37
=510  4\$aHowgego, James. Printed maps of London,$bcirca 1553-1850,$cno. 272 (4), pp. 201-202
=510  4\$aWorms, Laurence, Baynton-Williams, Ashley. British map engravers: a dictionary of engravers, lithographers and their principal employers,$bto 1850,$cpp. 221-225; pp. 661-662
=651  \0$aLondon (England)$vMaps.
=655  \7$aMaps.$2fast$0(OCoLC)fst01423704
=700  1\$aCrace, Frederick,$d1779-1859,$eformer owner.
=700  1\$aCrace, John Gregory,$d1809-1889,$edonor.
=700  1\$aThomson, Michael,$dactive 1809-1815,$eengraver.
=852  41$aBritish Library$bMAPS$jMaps Crace Port. 6.219
=856  41$3Copy at Maps Crace Port. 6.219$uhttp://www.bl.uk/onlinegallery/onlineex/crace/l/007000000000006u00219000.html$yDigitised map
=985  \\$aUpgraded from georeferencer data 2022-12-16.
=985  \\$aRecord amended for WR# 13/070
=985  \\$aRecord amended for WR1606-1727
=985  \\$aUpdated by MS generated file for WR2302-017
=CAT  \\$a12842$b40$c20120717$lBLL01$h1424
=CAT  \\$a12842$b40$c20120717$lBLL01$h1434
=CAT  \\$a12842$b40$c20120719$lBLL01$h0951
=CAT  \\$aWR13_070$b00$c20130504$lBLL01$h0339
=CAT  \\$aWR13.117$c20130718$lBLL01$h1854
=CAT  \\$a12842$b40$c20131002$lBLL01$h1409
=CAT  \\$a12842$b40$c20131024$lBLL01$h1451
=CAT  \\$aW1606-1727$c20160825$lBLL01$h1742
=CAT  \\$a14185$b40$c20221218$lBLL01$h1910
=CAT  \\$a14185$b40$c20221219$lBLL01$h0923
=CAT  \\$a12842$b40$c20230109$lBLL01$h1004
=CAT  \\$aW2302-0174$c20230223$lBLL01$h1959
=FIN  \\$aY$d20120717
=FMT  \\$a  MP
=LAS  \\$aW2302-0174$b00$c20230223$lBLL01$h1959

