=LDR  03573cem a2200589 a 4500
=001  016126065
=003  Uk
=005  20230223161623.0
=007  aj\canzn
=008  120717q1823\\\\enk||||||\a\\\\\0\\\eng|\
=034  1\$aa$dW0014827$eW0015958$fN0513304$gN0512806$2bound
=040  \\$aUk$beng$cUk$dUk
=042  \\$aukblsr
=082  04$a912.421$223
=110  20$aJ. Pigot & Co.
=245  10$aPigot & Co's new plan of London :$btaken from the best authorities with the geographical bearings from the dome of St. Pauls and formed into divisions by means of circular lines each division being referred to in their list of streets & public buildings in the metropolis. The whole forming the most complete guide to London & its vicinity yet published /$cengrav'd by J. Pigot.
=255  \\$aScale not determined$c(W 1°48'27"--W 1°59'58"/N 51°33'04"--N 51°28'06").
=260  \\$aLondon :$bpublished by J. Pigot & Co, 24 Basing Lane & 16 Fountain St., Manchester,$c[ca. 1823]
=300  \\$a1 map :$bhand col. ;$c51 x 76 cm
=336  \\$acartographic image$2rdacontent
=337  \\$aunmediated$2rdamedia
=338  \\$asheet$2rdacarrier
=500  \\$aThe title and publisher's imprint of this map appear at the top right, facing an explanatory note at top left. Squares, open spaces and the built-up area in the city are delineated in colour. A key to colours is provided at the bottom left. Published in Pigot's 'Metropolis Guide and Book of Reference', the map is divided into circles numbered for reference, showing Waterloo, Vauxhall and Battersea Bridges.
=500  \\$a1st. ed.; later published ca. 1824, ca. 1831 and ca. 1835.
=500  \\$aMap divided by circles 3/4 miles apart and numbered for reference with explanation at top left corner.
=500  \\$aRiver, some roads and green spaces coloured; City of London outlined and coloured in pink; borough of Southwark outlined in blue.
=510  4\$aCrace, John Gregory, A catalogue of maps, plans and views of London, Westminster and Southwark collected and arranged by Frederick Crace (1878),$cno. 220, p. 38
=510  4\$aHowgego, James. Printed maps of London,$bcirca 1553-1850,$cno. 298 (1), pp. 217-218
=510  4\$aScott, Valerie. Tooley's dictionary of mapmakers K-P (2003),$bp. 432
=510  4\$aWorms, Laurence, Baynton-Williams, Ashley. British map engravers: a dictionary of engravers, lithographers and their principal employers,$bto 1850,$cpp. 526-527
=651  \0$aLondon (England)$vMaps.
=655  \7$aMaps.$2fast$0(OCoLC)fst01423704
=700  1\$aCrace, Frederick,$d1779-1859,$eformer owner.
=700  1\$aCrace, John Gregory,$d1809-1889,$edonor.
=700  1\$aPigot, James.
=852  41$aBritish Library$bMAPS$jMaps Crace Port. 6.220
=856  41$3Copy at Maps Crace Port. 6.220$uhttp://www.bl.uk/onlinegallery/onlineex/crace/p/007zzz000000006u00220000.html$yDigitised map
=985  \\$aUpgraded from georeferencer data 2022-12-16.
=985  \\$aRecord amended for WR1606-1727
=985  \\$aUpdated by MS generated file for WR2302-017
=CAT  \\$a12842$b40$c20120717$lBLL01$h1526
=CAT  \\$aWR13.117$c20130718$lBLL01$h1854
=CAT  \\$a12842$b40$c20131002$lBLL01$h1410
=CAT  \\$a12842$b40$c20131024$lBLL01$h1451
=CAT  \\$aBATCH-UPD$b40$c20160224$lBLL01$h1704
=CAT  \\$aW1606-1727$c20160825$lBLL01$h1742
=CAT  \\$a14185$b40$c20221218$lBLL01$h1910
=CAT  \\$a14185$b40$c20221219$lBLL01$h0929
=CAT  \\$aW2302-0174$c20230223$lBLL01$h1959
=FIN  \\$aY$d20120717
=FMT  \\$a  MP
=LAS  \\$aW2302-0174$b00$c20230223$lBLL01$h1959

