=LDR  03398cem a2200577 a 4500
=001  016127759
=003  Uk
=005  20230223161624.0
=007  aj\canzn
=008  120718s1828\\\\enk||||||\a\\\\\0\\\eng|\
=034  1\$aa$b12600$dW0015005$eE0000015$fN0513210$gN0512906$2bound
=040  \\$aUk$beng$cUk$dUk
=042  \\$aukblsr
=082  04$a912.421$223
=100  1\$aCruchley, G. F.
=245  10$aCruchley's new plan of London improved to 1828 :$bIncluding the East and West India Docks /$cengraved by G. F. Cruchley.
=255  \\$aScale approximately 1:12,600$c(W 1°50'05"--E 0°0'15"/N 51°32'10"--N 51°29'06").
=260  \\$aLondon :$bpublished by G. F. Cruchley, map seller (from Arrowsmith's), 38 Ludgate Street,$c1828.
=300  \\$a1 map :$bhand col. ;$c45 x 92 cm
=336  \\$acartographic image$2rdacontent
=337  \\$aunmediated$2rdamedia
=338  \\$asheet$2rdacarrier
=500  \\$aThe title of this folding map of London is inset in top border, with the publisher's imprint and key to symbols in bottom border, scale bar near bottom right, and compass rose at top right. The river and open spaces are highlighted in colour. The map extends eastward on an added sheet to include the East and West India Docks. Cruchley, who first published the map in 1826, added the proposed Collier Docks in the Isle of Dogs to this later edition. The docks were never built and Millwall Docks now occupy part of the site
=500  \\$aThis map was issued in three sizes. First published in 1826; latest ed. with year in title altered to 1846.
=500  \\$aProposed new collier docks shown in Isle of Dogs, these were never built.
=500  \\$aRiver, docks, some roads and green spaces coloured; City of London outlined in pink.
=510  4\$aCrace, John Gregory, A catalogue of maps, plans and views of London, Westminster and Southwark collected and arranged by Frederick Crace (1878),$cno. 223, p. 38
=510  4\$aHowgego, James. Printed maps of London,$bcirca 1553-1850,$cno. 304 (B, 3), pp. 221-223
=510  4\$aFrench, Josephine. Tooley's dictionary of mapmakers A-D (1999),$bpp. 317-318
=510  4\$aWorms, Laurence, Baynton-Williams, Ashley. British map engravers: a dictionary of engravers, lithographers and their principal employers,$bto 1850,$cpp. 173-174
=651  \0$aLondon (England)$vMaps.
=655  \7$aMaps.$2fast$0(OCoLC)fst01423704
=700  1\$aCrace, Frederick,$d1779-1859,$eformer owner.
=700  1\$aCrace, John Gregory,$d1809-1889,$edonor.
=852  41$aBritish Library$bMAPS$jMaps Crace Port. 6.223
=856  41$3Copy at Maps Crace Port. 6.223$uhttp://www.bl.uk/onlinegallery/onlineex/crace/c/007zzz000000006u00223000.html$yDigitised map
=985  \\$aUpgraded from georeferencer data 2022-12-16.
=985  \\$aRecord amended for WR1606-1727
=985  \\$aUpdated by MS generated file for WR2302-017
=CAT  \\$a12842$b40$c20120718$lBLL01$h1032
=CAT  \\$a12842$b40$c20120718$lBLL01$h1045
=CAT  \\$aWR13.117$c20130718$lBLL01$h1854
=CAT  \\$a12842$b40$c20131002$lBLL01$h1414
=CAT  \\$a12842$b40$c20131024$lBLL01$h1452
=CAT  \\$aW1606-1727$c20160825$lBLL01$h1742
=CAT  \\$a14185$b40$c20221218$lBLL01$h1910
=CAT  \\$a14185$b40$c20221219$lBLL01$h0928
=CAT  \\$aW2302-0174$c20230223$lBLL01$h1959
=FIN  \\$aY$d20120718
=FMT  \\$a  MP
=LAS  \\$aW2302-0174$b00$c20230223$lBLL01$h1959

