=LDR  03364cem a2200577 a 4500
=001  016127810
=003  Uk
=005  20230223161624.0
=007  aj\canzn
=008  120718s1827\\\\enk||||||\a\\\\\0\\\eng|\
=034  1\$aa$b17100$dW0014907$eE0000047$fN0513348$gN0512743$2bound
=040  \\$aUk$beng$cUk$dUk
=042  \\$aukblsr
=082  04$a912.421$223
=100  1\$aThompson, George,$eengraver.
=245  12$aA new map of London and its environs from and original survey :$bextending 8 miles east and west, 6 1/4 miles north & south in which all new and intended buildings and improvements, &c. are carefully inserted /$cdrawn by Mr. Thompson, 35 St. Martins Lane, Charing Cross.
=250  \\$a4th ed.
=255  \\$aScale approximately 1:17,100$c(W 1°49'07"--E 0°0'47"/N 51°33'48"--N 51°27'43").
=260  \\$aLondon :$bpublished by Reeves & Hoare, engravers & mapsellers, 14 Warwick Ct., Holborn,$cJany 1st, 1827.
=300  \\$a1 map :$bhand col. ;$c61 x 78 cm
=336  \\$acartographic image$2rdacontent
=337  \\$aunmediated$2rdamedia
=338  \\$asheet$2rdacarrier
=500  \\$aThis folding map is set within a decorative border. The title and imprint feature at top right, the compass star at middle right, and scale bar at bottom left. The river, open spaces and the built-up area in the city are delineated in colour. This is the fourth edition of a map first issued by Thompson in 1823, updated with the addition of St. Katherine's Dock and the housing developments in the Marylebone and Mile End areas.
=500  \\$aFirst published in 1822, later ed. with year in imprint altered to 1823, 1824, 1826 and 1827 (this state).
=500  \\$aPosition of St. Katharine's Dock shown, and new buildings added along the Mile End Road, in the Regent's Park area etc.
=500  \\$aRiver, docks, some roads and green spaces coloured; City of London coloured and outlined in pink.
=510  4\$aCrace, John Gregory, A catalogue of maps, plans and views of London, Westminster and Southwark collected and arranged by Frederick Crace (1878),$cno. 224, p. 38
=510  4\$aHowgego, James. Printed maps of London,$bcirca 1553-1850,$cno. 289a (5), p. 213
=510  4\$aScott, Valerie. Tooley's dictionary of mapmakers Q-Z (2004),$bp. 268
=651  \0$aLondon (England)$vMaps.
=655  \7$aMaps.$2fast$0(OCoLC)fst01423704
=700  1\$aCrace, Frederick,$d1779-1859,$eformer owner.
=700  1\$aCrace, John Gregory,$d1809-1889,$edonor.
=852  41$aBritish Library$bMAPS$jMaps Crace Port. 6.224
=856  41$3Copy at Maps Crace Port. 6.224$uhttp://www.bl.uk/onlinegallery/onlineex/crace/n/007zzz000000006u00224000.html$yDigitised map
=985  \\$aUpgraded from georeferencer data 2022-12-16.
=985  \\$aRecord amended for WR1606-1727
=985  \\$aUpdated by MS generated file for WR2302-017
=CAT  \\$a12842$b40$c20120718$lBLL01$h1111
=CAT  \\$a12842$b40$c20120718$lBLL01$h1134
=CAT  \\$aWR13.117$c20130718$lBLL01$h1854
=CAT  \\$a12842$b40$c20131002$lBLL01$h1415
=CAT  \\$a12842$b40$c20131024$lBLL01$h1453
=CAT  \\$aW1606-1727$c20160825$lBLL01$h1742
=CAT  \\$a14185$b40$c20221218$lBLL01$h1910
=CAT  \\$a14185$b40$c20221219$lBLL01$h0923
=CAT  \\$aW2302-0174$c20230223$lBLL01$h1959
=FIN  \\$aY$d20120718
=FMT  \\$a  MP
=LAS  \\$aW2302-0174$b00$c20230223$lBLL01$h1959

