=LDR  02902cem a2200577 a 4500
=001  016127946
=003  Uk
=005  20230223161624.0
=007  aj\aanzn
=008  120718s1827\\\\enk||||||\a\\\\\0\\\eng|\
=034  1\$aa$b8050$dW0014813$eE0000040$fN0513301$gN0512838$2bound
=040  \\$aUk$beng$cUk$dUk
=042  \\$aukblsr
=082  04$a912.421$223
=100  1\$aGreenwood, C.$q(Christopher),$d1786-1855.
=245  10$aMap of London, from an actual survey made in the years 1824, 1825 & 1826 /$cby C. and J. Greenwood ; engraved by James & Josiah Neele, 352 Strand.
=255  \\$aScale approximately 1:8,050$c(W 1°48'13"--E 0°0'40"/N 51°33'01"--N 51°28'38").
=260  \\$aLondon :$bpublished by propietors, Greenwood, Pringle & Co., 13 Regent Street, Pall Mall,$cAugust 21, 1827.
=300  \\$a1 map ;$c102 x 180 cm
=336  \\$acartographic image$2rdacontent
=337  \\$aunmediated$2rdamedia
=338  \\$asheet$2rdacarrier
=500  \\$a1st ed. Latest ed. with year in title altered to 1854.
=500  \\$aContains dedication to the king George IV from the publishers Greenwood, Pringle & Co.
=500  \\$aIncludes views of Westminster Abbey bottom left and St. Paul's bottom right.
=510  4\$aCrace, John Gregory, A catalogue of maps, plans and views of London, Westminster and Southwark collected and arranged by Frederick Crace (1878),$cno. 225, p. 38
=510  4\$aHowgego, James. Printed maps of London,$bcirca 1553-1850,$cno. 309 (1), pp. 227-229
=510  4\$aScott, Valerie. Tooley's dictionary of mapmakers K-P (2003),$bpp. 311-312
=510  4\$aWorms, Laurence, Baynton-Williams, Ashley. British map engravers: a dictionary of engravers, lithographers and their principal employers,$bto 1850,$cpp. 278-280; pp. 480-481
=651  \0$aLondon (England)$vMaps.
=655  \7$aMaps.$2fast$0(OCoLC)fst01423704
=700  1\$aCrace, Frederick,$d1779-1859,$eformer owner.
=700  1\$aCrace, John Gregory,$d1809-1889,$edonor.
=700  1\$aGreenwood, J.$q(John),$d1791-1867.
=700  1\$aNeele, Josiah,$eengraver.
=700  1\$aNeele, James,$eengraver.
=852  41$aBritish Library$bMAPS$jMaps Crace Port. 6.225
=856  41$3Copy at Maps Crace Port. 6.225$uhttp://www.bl.uk/onlinegallery/onlineex/crace/m/007000000000006u00225000.html$yDigitised map
=985  \\$aUpgraded from georeferencer data 2022-12-16.
=985  \\$aRecord amended for WR1606-1727
=985  \\$aUpdated by MS generated file for WR2302-017
=CAT  \\$a12842$b40$c20120718$lBLL01$h1306
=CAT  \\$aWR13.117$c20130718$lBLL01$h1854
=CAT  \\$a12842$b40$c20131002$lBLL01$h1416
=CAT  \\$a12842$b40$c20131024$lBLL01$h1453
=CAT  \\$aW1606-1727$c20160825$lBLL01$h1742
=CAT  \\$a14185$b40$c20221218$lBLL01$h1910
=CAT  \\$aW2302-0174$c20230223$lBLL01$h1959
=FIN  \\$aY$d20120718
=FMT  \\$a  MP
=LAS  \\$aW2302-0174$b00$c20230223$lBLL01$h1959

