=LDR  02966cem a2200529 a 4500
=001  016127962
=003  Uk
=005  20230223161624.0
=007  aj\aanzn
=008  120718s1825\\\\enk||||||\a\\\\\0\\\eng|\
=034  1\$aa$b17200$dW0014917$eW0015805$fN0513216$gN0512907$2bound
=040  \\$aUk$beng$cUk$dUk
=042  \\$aukblsr
=082  04$a912.421$223
=100  1\$aWyld, James,$d1790-1836.
=245  12$aA new plan of London and Westminster, with the borough of Southwark. 1825.
=255  \\$aScale approximately 1:17,200$c(W 1°49'17"--W 1°58'05"/N 51°32'16"--N 51°29'07").
=260  \\$a[London] :$bpublished by James Wyld (successor to Mr. Faden), Geographer to the King & to His Royal Highness the Duke of York, 5 Charing Cross,$c1825.
=300  \\$a1 map ;$c37 x 63 cm
=336  \\$acartographic image$2rdacontent
=337  \\$aunmediated$2rdamedia
=338  \\$asheet$2rdacarrier
=500  \\$aThis is the second edition of a map of London first published by Wyld in 1824. Its title features inset in the top border, with publisher's imprint in the bottom border. The scale bar and key to the boundary lines appear at bottom right. The son of a map publisher, James Wyld attended military college before entering the map trade. He became one of the best-known map publishers of the middle of the 19th Century. During the railway-building mania of those years, his maps of railway developments were often put before parliament.
=500  \\$a2nd ed.; first published in 1824. Latest ed. with year below imprint altered to 1841.
=510  4\$aCrace, John Gregory, A catalogue of maps, plans and views of London, Westminster and Southwark collected and arranged by Frederick Crace (1878),$cno. 227, p. 38
=510  4\$aHowgego, James. Printed maps of London,$bcirca 1553-1850,$cno. 302 (2), pp. 220-221
=510  4\$aScott, Valerie. Tooley's dictionary of mapmakers Q-Z (2004),$bpp. 415-417
=651  \0$aLondon (England)$vMaps.
=655  \7$aMaps.$2fast$0(OCoLC)fst01423704
=700  1\$aCrace, Frederick,$d1779-1859,$eformer owner.
=700  1\$aCrace, John Gregory,$d1809-1889,$edonor.
=852  41$aBritish Library$bMAPS$jMaps Crace Port. 6.227
=856  41$3Copy at Maps Crace Port. 6.227$uhttp://www.bl.uk/onlinegallery/onlineex/crace/a/007zzz000000006u00227000.html$yDigitised map
=985  \\$aUpgraded from georeferencer data 2022-12-16.
=985  \\$aRecord amended for WR1606-1727
=985  \\$aUpdated by MS generated file for WR2302-017
=CAT  \\$a12842$b40$c20120718$lBLL01$h1322
=CAT  \\$aWR13.117$c20130718$lBLL01$h1854
=CAT  \\$a12842$b40$c20131002$lBLL01$h1420
=CAT  \\$a12842$b40$c20131024$lBLL01$h1453
=CAT  \\$aW1606-1727$c20160825$lBLL01$h1742
=CAT  \\$a14185$b40$c20221218$lBLL01$h1910
=CAT  \\$a14185$b40$c20221219$lBLL01$h0906
=CAT  \\$aW2302-0174$c20230223$lBLL01$h1959
=FIN  \\$aY$d20120718
=FMT  \\$a  MP
=LAS  \\$aW2302-0174$b00$c20230223$lBLL01$h1959

