=LDR  03071cem a2200577 a 4500
=001  016128055
=003  Uk
=005  20230223161624.0
=007  aj\canzn
=008  120718s1828\\\\enk||||||\a\\\\\1\\\eng|\
=034  1\$aa$dW0014912$eE0000016$fN0513242$gN0512821$2bound
=040  \\$aUk$beng$cUk$dUk
=042  \\$aukblsr
=082  04$a912.421$223
=100  1\$aCross, Joseph.
=245  10$aCross's new plan of London. 1828.
=255  \\$aScale not determined$c(W 1°49'12"--E 0°0'16"/N 51°32'42"--N 51°28'21").
=260  \\$a[London] :$bpublished by J. Cross, 18, Holborn Hill, opposite Furnivals Inn,$cJanuary 1st. 1828.
=300  \\$a1 map :$bhand col. ;$c59 x 94 cm
=336  \\$acartographic image$2rdacontent
=337  \\$aunmediated$2rdamedia
=338  \\$asheet$2rdacarrier
=500  \\$aThe title of this folding map is inset in the top border, with the publisher's imprint and explanatory notes in the bottom border and a list of parishes in a table at top right. The map is divided into half-mile squares for reference, with the river, open spaces and the boundaries of London, Westminster and Southwark highlighted in different colours.
=500  \\$a1st ed.; latest ed. issued ca. 1864.
=500  \\$aMap is divided into half mile squares and borders marked off in half miles.
=500  \\$aIncludes reference table to parishes top right.
=500  \\$aRiver, docks, some roads and green spaces coloured; City of London outlined in pink; borough of Southwark outlined in blue.
=510  4\$aCrace, John Gregory, A catalogue of maps, plans and views of London, Westminster and Southwark collected and arranged by Frederick Crace (1878),$cno. 228, p. 38
=510  4\$aHowgego, James. Printed maps of London,$bcirca 1553-1850,$cno. 317 (1), pp. 232-233
=510  4\$aWorms, Laurence, Baynton-Williams, Ashley. British map engravers: a dictionary of engravers, lithographers and their principal employers,$bto 1850,$cpp. 171-172
=651  \0$aLondon (England)$vMaps.
=655  \7$aMaps.$2fast$0(OCoLC)fst01423704
=700  1\$aCrace, Frederick,$d1779-1859,$eformer owner.
=700  1\$aCrace, John Gregory,$d1809-1889,$edonor.
=852  41$aBritish Library$bMAPS$jMaps Crace Port. 6.228.(1.)
=856  41$3Copy at Maps Crace Port. 6.228.(1.)$uhttp://www.bl.uk/onlinegallery/onlineex/crace/c/007zzz000000006u00228000.html$yDigitised map
=985  \\$aUpgraded from georeferencer data 2022-12-16.
=985  \\$aRecord amended for WR1606-1727
=985  \\$aUpdated by MS generated file for WR2302-017
=CAT  \\$a12842$b40$c20120718$lBLL01$h1421
=CAT  \\$aWR13.117$c20130718$lBLL01$h1854
=CAT  \\$a12842$b40$c20131002$lBLL01$h1421
=CAT  \\$a12842$b40$c20131002$lBLL01$h1436
=CAT  \\$a12842$b40$c20131024$lBLL01$h1453
=CAT  \\$aW1606-1727$c20160825$lBLL01$h1742
=CAT  \\$a14185$b40$c20221218$lBLL01$h1910
=CAT  \\$a14185$b40$c20221219$lBLL01$h0928
=CAT  \\$aW2302-0174$c20230223$lBLL01$h1959
=FIN  \\$aY$d20120718
=FMT  \\$a  MP
=LAS  \\$aW2302-0174$b00$c20230223$lBLL01$h1959

