=LDR  02527cem a2200505 a 4500
=001  016128637
=003  Uk
=005  20230223161624.0
=007  aj\aanzn
=008  120719s1834\\\\xx\||||||\a\\\\\0\\\eng|\
=034  1\$aa$b18600$dW0014918$eW0015848$fN0513232$gN0512851$2bound
=040  \\$aUk$beng$cUk$dUk
=042  \\$aukblsr
=082  04$a912.421$223
=245  00$aImproved map of London for 1834, from actual survey.
=255  \\$aScale approximately 1:18,600$c(W 1°49'18"--W 1°58'48"/N 51°32'32"--N 51°28'51").
=260  \\$c1834.
=300  \\$a1 map ;$c39 x 62 cm
=336  \\$acartographic image$2rdacontent
=337  \\$aunmediated$2rdamedia
=338  \\$asheet$2rdacarrier
=500  \\$aThe title of this map appears in a panel above the plan, with a scale bar inset in the bottom border. The map extends westward to include Chelsea Beach and shows the proposed tunnel under the Thames at Wapping. The Greenwich-to-London railway line also features. Under construction at the time of this survey, the line reached Bermondsey from Greenwich in 1836. Ten months later the line reached London Bridge, making it the first railway terminus in the capital.
=500  \\$aProposed railway line between Greenwich and London Bridge shown.
=510  4\$aCrace, John Gregory, A catalogue of maps, plans and views of London, Westminster and Southwark collected and arranged by Frederick Crace (1878),$cno. 234, p. 39
=651  \0$aLondon (England)$vMaps.
=655  \7$aMaps.$2fast$0(OCoLC)fst01423704
=700  1\$aCrace, Frederick,$d1779-1859,$eformer owner.
=700  1\$aCrace, John Gregory,$d1809-1889,$edonor.
=852  41$aBritish Library$bMAPS$jMaps Crace Port. 7.234
=856  41$3Copy at Maps Crace Port. 7.234$uhttp://www.bl.uk/onlinegallery/onlineex/crace/i/007000000000007u00234000.html$yDigitised map
=985  \\$aUpgraded from georeferencer data 2022-12-16.
=985  \\$aRecord amended for WR1606-1727
=985  \\$aUpdated by MS generated file for WR2302-017
=CAT  \\$a12842$b40$c20120719$lBLL01$h1254
=CAT  \\$a12842$b40$c20120719$lBLL01$h1556
=CAT  \\$aWR13.117$c20130718$lBLL01$h1854
=CAT  \\$a12842$b40$c20131002$lBLL01$h1454
=CAT  \\$a12842$b40$c20131024$lBLL01$h1455
=CAT  \\$aW1606-1727$c20160825$lBLL01$h1742
=CAT  \\$a14185$b40$c20221218$lBLL01$h1910
=CAT  \\$a14185$b40$c20221219$lBLL01$h0927
=CAT  \\$aW2302-0174$c20230223$lBLL01$h1959
=FIN  \\$aY$d20120719
=FMT  \\$a  MP
=LAS  \\$aW2302-0174$b00$c20230223$lBLL01$h1959

