=LDR  03963cem a2200649 a 4500
=001  016128698
=003  Uk
=005  20230223161624.0
=007  aj\canzn
=008  120719s1836\\\\enk||||||\a\\\\\1\\\eng|\
=034  1\$aa$dW0014941$eE0000040$fN0513230$gN0512835$2bound
=040  \\$aUk$beng$cUk$dUk
=042  \\$aukblsr
=082  04$a912.421$223
=100  1\$aFaden, William,$d1749-1836.
=245  10$aPlan of London and Westminster, with the borough of Southwark :$breduced from the large plan in forty sheets.
=255  \\$aScale not determined$c(W 1°49'41"--E 0°0'40"/N 51°32'30"--N 51°28'35").
=260  \\$a[London] :$bpublished by Jas. Wyld (successor to W. Faden), Geographer to His Majesty, Charing Cross East,$c1836.
=300  \\$a1 map ;$c55 x 102 cm
=336  \\$acartographic image$2rdacontent
=337  \\$aunmediated$2rdamedia
=338  \\$asheet$2rdacarrier
=500  \\$aThis folding map of London was originally published by Faden in 1818 as an index to Horwood's famous map of Regency London. This is a later edition of the map, issued by Wyld when he took over Faden's publishing business. The title, explanation and scale bar feature at top right. The boundaries of London, Westminster, Southwark, Lambeth, Marylebone, Finsbury and Tower Hamlets are outlined in colour. The map is divided into squares with letters and numbers for reference along the margins for reference, with an interpretive key in panel below the plan.
=500  \\$aFirst published ca. 1818; latest ed. with year in imprint altered to 1846.
=500  \\$aServed as an index map to Plan of the cities of London and Westminster ... by Richard Horwood published between 1792 and 1799.
=500  \\$aMap is divided into squares and borders lettered and numbered for reference. Includes alphabetical index to streets, public buildings and squares bottom portion of plate.
=500  \\$aRiver, docks, canals, some roads and green spaces coloured; City of London coloured and outlined in pink; borough of Southwark outlined in purple.
=510  4\$aCrace, John Gregory, A catalogue of maps, plans and views of London, Westminster and Southwark collected and arranged by Frederick Crace (1878),$cno. 235, p. 39
=510  4\$aHowgego, James. Printed maps of London,$bcirca 1553-1850,$cno. 272 (11), pp. 201-202
=510  4\$aScott, Valerie. Tooley's dictionary of mapmakers Q-Z (2004),$bpp. 415-417
=510  4\$aWorms, Laurence, Baynton-Williams, Ashley. British map engravers: a dictionary of engravers, lithographers and their principal employers,$bto 1850,$cpp. 221-225; pp. 661-662; pp. 739-740
=651  \0$aLondon (England)$vMaps.
=655  \7$aMaps.$2fast$0(OCoLC)fst01423704
=700  1\$aCrace, Frederick,$d1779-1859,$eformer owner.
=700  1\$aCrace, John Gregory,$d1809-1889,$edonor.
=700  1\$aThomson, Michael,$dactive 1809-1815,$eengraver.
=700  1\$aWyld, James,$d1790-1836.
=852  41$aBritish Library$bMAPS$jMaps Crace Port. 7.235
=856  41$3Copy at Maps Crace Port. 7.235$uhttp://www.bl.uk/onlinegallery/onlineex/crace/p/007000000000007u00235000.html$yDigitised map
=985  \\$aUpgraded from georeferencer data 2022-12-16.
=985  \\$aRecord amended for WR# 13/070
=985  \\$aRecord amended for WR1606-1727
=985  \\$aUpdated by MS generated file for WR2302-017
=CAT  \\$a12842$b40$c20120719$lBLL01$h1423
=CAT  \\$aWR13_070$b00$c20130504$lBLL01$h0339
=CAT  \\$aWR13.117$c20130718$lBLL01$h1854
=CAT  \\$a12842$b40$c20131002$lBLL01$h1455
=CAT  \\$a12842$b40$c20131024$lBLL01$h1455
=CAT  \\$aW1606-1727$c20160825$lBLL01$h1742
=CAT  \\$a12842$b40$c20210910$lBLL01$h1706
=CAT  \\$a14185$b40$c20221218$lBLL01$h1910
=CAT  \\$a14185$b40$c20221219$lBLL01$h0923
=CAT  \\$a12842$b40$c20230109$lBLL01$h1003
=CAT  \\$aW2302-0174$c20230223$lBLL01$h1959
=FIN  \\$aY$d20120719
=FMT  \\$a  MP
=LAS  \\$aW2302-0174$b00$c20230223$lBLL01$h1959

