=LDR  03131cem a2200553 a 4500
=001  016128740
=003  Uk
=005  20230223161624.0
=007  aj\aanzn
=008  120719s1837\\\\enk||||||\a\\\\\0\\\eng|\
=034  1\$aa$dW0014916$eW0015805$fN0513216$gN0512907$2bound
=040  \\$aUk$beng$cUk$dUk
=042  \\$aukblsr
=082  04$a912.421$223
=100  1\$aWyld, James,$d1790-1836.
=245  12$aA new plan of London and Westminster, with the borough of Southwark, &c.
=255  \\$aScale not determined$c(W 1°49'16"--W 1°58'05"/N 51°32'16"--N 51°29'07").
=260  \\$a[London] :$bpublished by James Wyld (successor to Mr. Faden), Geographer to the King; Charing Cross East, nearly opposite Northumberland House,$c1837.
=300  \\$a1 map :$bhand col. ;$c37 x 63 cm
=336  \\$acartographic image$2rdacontent
=337  \\$aunmediated$2rdamedia
=338  \\$asheet$2rdacarrier
=500  \\$aThe title of this map of London appears inset in the top border, with the publisher's imprint below the plan. Open spaces, city boundaries and boroughs are delineated in colour. The key to these colours is provided, with a scale bar, at bottom right. The map is a later edition of a map first published by Wyld in 1824, with the addition of the London-to-Greenwich railway. The line reached Bermondsey from Greenwich in 1836. Ten months later, the line reached London Bridge, making it the first railway terminus in the capital.
=500  \\$aFirst published in 1824. Latest ed. with year below imprint altered to 1841.
=500  \\$aLondon and Greenwich railway shown.
=500  \\$aRiver, some roads and green spaces coloured; boundaries of wards shown in colour; City of London outlined in red.
=510  4\$aCrace, John Gregory, A catalogue of maps, plans and views of London, Westminster and Southwark collected and arranged by Frederick Crace (1878),$cno. 236, p. 39
=510  4\$aHowgego, James. Printed maps of London,$bcirca 1553-1850,$cno. 302 (4), pp. 220-221
=510  4\$aScott, Valerie. Tooley's dictionary of mapmakers Q-Z (2004),$bpp. 415-417
=651  \0$aLondon (England)$vMaps.
=655  \7$aMaps.$2fast$0(OCoLC)fst01423704
=700  1\$aCrace, Frederick,$d1779-1859,$eformer owner.
=700  1\$aCrace, John Gregory,$d1809-1889,$edonor.
=852  41$aBritish Library$bMAPS$jMaps Crace Port. 7.236
=856  41$3Copy at Maps Crace Port. 7.236$uhttp://www.bl.uk/onlinegallery/onlineex/crace/a/007000000000007u00236000.html$yDigitised map
=985  \\$aUpgraded from georeferencer data 2022-12-16.
=985  \\$aRecord amended for WR1606-1727
=985  \\$aUpdated by MS generated file for WR2302-017
=CAT  \\$a12842$b40$c20120719$lBLL01$h1513
=CAT  \\$aWR13.117$c20130718$lBLL01$h1854
=CAT  \\$a12842$b40$c20131002$lBLL01$h1456
=CAT  \\$a12842$b40$c20131024$lBLL01$h1455
=CAT  \\$aW1606-1727$c20160825$lBLL01$h1742
=CAT  \\$a14185$b40$c20221218$lBLL01$h1910
=CAT  \\$a14185$b40$c20221219$lBLL01$h0926
=CAT  \\$aW2302-0174$c20230223$lBLL01$h1959
=FIN  \\$aY$d20120719
=FMT  \\$a  MP
=LAS  \\$aW2302-0174$b00$c20230223$lBLL01$h1959

