=LDR  02914cem a2200553 a 4500
=001  016128774
=003  Uk
=005  20230223161624.0
=007  aj\aanzn
=008  120719s1837\\\\enk||||||\a\\\\\0\\\eng|\
=034  1\$aa$b17100$dW0014939$eW0015655$fN0513208$gN0512910$2bound
=040  \\$aUk$beng$cUk$dUk
=042  \\$aukblsr
=082  04$a912.421$223
=100  1\$aArcher, Joshua,$d1792?-1863,$eengraver.
=245  10$aNew plan of London 1837 /$cengraved by J. Archer.
=255  \\$aScale approximately 1:17,100$c(W 1°49'39"--W 1°56'55"/N 51°32'08"--N 51°29'10").
=260  \\$a[London] :$bpublished for the proprietors of the Guide to Knowledge,$c1837.
=300  \\$a1 map ;$c34 x 51 cm
=336  \\$acartographic image$2rdacontent
=337  \\$aunmediated$2rdamedia
=338  \\$asheet$2rdacarrier
=500  \\$aThis map was printed in black on white and appeared in the "Guide to Knowledge" anthology of 1839. The map's title, imprint and scale bar appear at bottom right. It shows the proposed Thames Tunnel, linking Wapping and Rotherhithe, as well as the Hungerford Bridge and the Greenwich and Birmingham railway lines.
=500  \\$aWhite-line engraving. First published in 1833.
=500  \\$aThe Thames Tunnel, the position of Hungerford Bridge and the Greenwich and Birmingham railways shown.
=510  4\$aCrace, John Gregory, A catalogue of maps, plans and views of London, Westminster and Southwark collected and arranged by Frederick Crace (1878),$cno. 237, p. 39
=510  4\$aHowgego, James. Printed maps of London,$bcirca 1553-1850,$cno. 346 (2), pp. 247-248
=510  4\$aFrench, Josephine. Tooley's dictionary of mapmakers A-D (1999),$bp. 41
=510  4\$aWorms, Laurence, Baynton-Williams, Ashley. British map engravers: a dictionary of engravers, lithographers and their principal employers,$bto 1850,$cpp. 21-22
=651  \0$aLondon (England)$vMaps.
=655  \7$aMaps.$2fast$0(OCoLC)fst01423704
=700  1\$aCrace, Frederick,$d1779-1859,$eformer owner.
=700  1\$aCrace, John Gregory,$d1809-1889,$edonor.
=852  41$aBritish Library$bMAPS$jMaps Crace Port. 7.237
=856  41$3Copy at Maps Crace Port. 7.237$uhttp://www.bl.uk/onlinegallery/onlineex/crace/n/007000000000007u00237000.html$yDigitised map
=985  \\$aUpgraded from georeferencer data 2022-12-16.
=985  \\$aRecord amended for WR1606-1727
=985  \\$aUpdated by MS generated file for WR2302-017
=CAT  \\$a12842$b40$c20120719$lBLL01$h1637
=CAT  \\$aWR13.117$c20130718$lBLL01$h1854
=CAT  \\$a12842$b40$c20130830$lBLL01$h1639
=CAT  \\$a12842$b40$c20131024$lBLL01$h1455
=CAT  \\$aW1606-1727$c20160825$lBLL01$h1742
=CAT  \\$a14185$b40$c20221218$lBLL01$h1910
=CAT  \\$a14185$b40$c20221219$lBLL01$h0854
=CAT  \\$aW2302-0174$c20230223$lBLL01$h1959
=FIN  \\$aY$d20120719
=FMT  \\$a  MP
=LAS  \\$aW2302-0174$b00$c20230223$lBLL01$h1959

