=LDR  03122cem a2200565 a 4500
=001  016128790
=003  Uk
=005  20230223161624.0
=007  aj\aanzn
=008  120719s1840\\\\enk||||||\a\\\\\0\\\eng|\
=034  1\$aa$b17000$dW0014914$eW0015755$fN0513226$gN0512902$2bound
=040  \\$aUk$beng$cUk$dUk
=042  \\$aukblsr
=082  04$a912.421$223
=100  1\$aShury, John,$d1789-1854.
=245  10$aPlan of London from actual survey 1840.
=255  \\$aScale approximately 1:17,000$c(W 1°49'14"--W 1°57'55"/N 51°32'26"--N 51°29'02").
=260  \\$a[London],$c1840.
=300  \\$a1 map ;$c38 x 60 cm
=336  \\$acartographic image$2rdacontent
=337  \\$aunmediated$2rdamedia
=338  \\$asheet$2rdacarrier
=500  \\$aThis map is set within a decorative border. Its title appears along the top, with the arms of the city, the royal family and Westminster. Around the margin are pictorial views of prominent buildings and landmarks, including the Bank of England, Lambeth Palace, Covent Garden and Waterloo Bridge. The map is a later edition of one first issued as a free supplement of the 'United Kingdom' newspaper in 1832, adding the Greenwich and Birmingham railway lines.
=500  \\$aFirst published 1832; latest ed. with date in title altered to 1851.
=500  \\$aTitle with ornamental design of Royal arms and arms of the Cities of London and Westminster along top border.
=500  \\$aSurrounded with 31 vignette views of London buildings.
=500  \\$aGreenwich and Birmingham railways shown; proposed positions of Lambeth Bridge and Thames Tunnel indicated by pecked line.
=510  4\$aCrace, John Gregory, A catalogue of maps, plans and views of London, Westminster and Southwark collected and arranged by Frederick Crace (1878),$cno. 238, p. 39
=510  4\$aHowgego, James. Printed maps of London,$bcirca 1553-1850,$cno. 343 (5), p. 246
=510  4\$aWorms, Laurence, Baynton-Williams, Ashley. British map engravers: a dictionary of engravers, lithographers and their principal employers,$bto 1850,$cpp. 604-605
=651  \0$aLondon (England)$vMaps.
=655  \7$aMaps.$2fast$0(OCoLC)fst01423704
=700  1\$aCrace, Frederick,$d1779-1859,$eformer owner.
=700  1\$aCrace, John Gregory,$d1809-1889,$edonor.
=852  41$aBritish Library$bMAPS$jMaps Crace Port. 7.238
=856  41$3Copy at Maps Crace Port. 7.238$uhttp://www.bl.uk/onlinegallery/onlineex/crace/p/007000000000007u00238000.html$yDigitised map
=985  \\$aUpgraded from georeferencer data 2022-12-16.
=985  \\$aRecord amended for WR1606-1727
=985  \\$aUpdated by MS generated file for WR2302-017
=CAT  \\$a12842$b40$c20120719$lBLL01$h1712
=CAT  \\$aWR13.117$c20130718$lBLL01$h1854
=CAT  \\$a12842$b40$c20131002$lBLL01$h1458
=CAT  \\$a12842$b40$c20131024$lBLL01$h1456
=CAT  \\$aW1606-1727$c20160825$lBLL01$h1742
=CAT  \\$a14185$b40$c20221218$lBLL01$h1910
=CAT  \\$a14185$b40$c20221219$lBLL01$h0901
=CAT  \\$aW2302-0174$c20230223$lBLL01$h1959
=FIN  \\$aY$d20120719
=FMT  \\$a  MP
=LAS  \\$aW2302-0174$b00$c20230223$lBLL01$h1959

