=LDR  03857cem a2200577 a 4500
=001  016128999
=003  Uk
=005  20230223161624.0
=007  aj\aanzn
=008  120720s1841\\\\enk||||||\a\\\\\0\\\eng|\
=034  1\$aa$b44500$dW0013910$eE0000540$fN0513646$gN0512403$2bound
=040  \\$aUk$beng$cUk$dUk
=042  \\$aukblsr
=082  04$a912.421$223
=100  1\$aDavies, Benjamin Rees.
=245  10$aLondon and its environs :$bcontaining the boundaries of the metropolitan boroughs, the different railroads & stations, the new cemeteries, roads, docks, canals, and all modern improvements. This map is chiefly from the Ordnance Survey, the railroads and other improvements, are from the official copies, the borough of Marylebone from the survey published by Mr Britton. The whole corrected from personal observations and measurements /$cdrawn & engraved by B. R. Davis, 16 George Street, Euston Square.
=255  \\$aScale approximately 1:44,500$c(W 1°39'10"--E 0°5'40"/N 51°36'46"--N 51°24'03").
=260  \\$a[London] :$bpubd. by T. & W. Boone, 29 New Bond Str., Letts & Son, 8 Cornhill, F. Coghlan, West Strand, & B. R. Davies, 16 George Str. Euston Squ. also by Chas. Cheffins, 9 Southampton Buildgs. Holborn, & R. Moore, Store Street, Bedford Squ. & E. Mogg, Russell Str. Covent Garden,$c1841.
=300  \\$a1 map ;$c54 x 70 cm
=336  \\$acartographic image$2rdacontent
=337  \\$aunmediated$2rdamedia
=338  \\$asheet$2rdacarrier
=500  \\$aThis is a later edition of the map of London and the suburbs first issued by Davies in 1840. The map features title in top border, scale bar at bottom centre and key to symbols below the map. A note below the map states that the map contains "the boundaries of the Metropolitan Boroughs, the different railroads and stations, the new cemeteries and roads, docks, canals and all the modern improvements. The map is chiefly drawn from the Ordnance Survey, the railroads and the other improvements from the official copies and the Borough of Marylebone from the survey published by Mr Britton. The whole corrected from personal observations and measurements."
=500  \\$aFirst published in 1840. Latest ed. with year in imprint altered to 1854.
=500  \\$aFenchurch Street railway shown but not South Eastern railway.
=500  \\$aKey to symbols below map.
=510  4\$aCrace, John Gregory, A catalogue of maps, plans and views of London, Westminster and Southwark collected and arranged by Frederick Crace (1878),$cno. 241, p. 40
=510  4\$aHowgego, James. Printed maps of London,$bcirca 1553-1850,$cno. 372 (4), pp. 259-260
=510  4\$aFrench, Josephine. Tooley's dictionary of mapmakers A-D (1999),$bp. 338
=651  \0$aLondon (England)$vMaps.
=655  \7$aMaps.$2fast$0(OCoLC)fst01423704
=700  1\$aCrace, Frederick,$d1779-1859,$eformer owner.
=700  1\$aCrace, John Gregory,$d1809-1889,$edonor.
=852  41$aBritish Library$bMAPS$jMaps Crace Port. 7.241
=856  41$3Copy at Maps Crace Port. 7.241$uhttp://www.bl.uk/onlinegallery/onlineex/crace/l/007000000000007u00241000.html$yDigitised map
=985  \\$aUpgraded from georeferencer data 2022-12-16.
=985  \\$aRecord amended for WR1606-1727
=985  \\$aUpdated by MS generated file for WR2302-017
=CAT  \\$a12842$b40$c20120720$lBLL01$h1155
=CAT  \\$a12842$b40$c20120723$lBLL01$h1639
=CAT  \\$a12842$b40$c20120723$lBLL01$h1646
=CAT  \\$aWR13.117$c20130718$lBLL01$h1854
=CAT  \\$a12842$b40$c20131002$lBLL01$h1518
=CAT  \\$a12842$b40$c20131024$lBLL01$h1456
=CAT  \\$aW1606-1727$c20160825$lBLL01$h1742
=CAT  \\$a14185$b40$c20221218$lBLL01$h1909
=CAT  \\$a14185$b40$c20221219$lBLL01$h0920
=CAT  \\$aW2302-0174$c20230223$lBLL01$h1959
=FIN  \\$aY$d20120720
=FMT  \\$a  MP
=LAS  \\$aW2302-0174$b00$c20230223$lBLL01$h1959

