=LDR  02830cem a2200577 a 4500
=001  016129045
=003  Uk
=005  20230223161624.0
=007  aj\aanzn
=008  120720s1842\\\\enk||||||\a\\\\\0\\\eng|\
=034  1\$aa$b17200$dW0014831$eW0015854$fN0513247$gN0512839$2bound
=040  \\$aUk$beng$cUk$dUk
=042  \\$aukblsr
=082  04$a912.421$223
=100  10$aBiggs, George.
=245  10$a[London at one view :$ba new map].
=255  \\$aScale approximately 1:17,200$c(W 1°48'31"--W 1°58'54"/N 51°32'47"--N 51°28'39").
=260  \\$a[London :$bpublished by G. Biggs, 421 Strand,$c1842]
=300  \\$a1 map :$bhand col. ;$c48 x 72 cm
=336  \\$acartographic image$2rdacontent
=337  \\$aunmediated$2rdamedia
=338  \\$asheet$2rdacarrier
=500  \\$aA copy of Bigg's map of London of 1842 lacking the title, the views and the note at the bottom of the map. The map features scale bar and compass rose at top left with main roads in yellow, water courses in blue, parks and open spaces in green and railways in red.
=500  \\$aTitle and imprint taken from Printed maps of London, J. Howgego.
=500  \\$a1st. ed.; later published with title changed to The railway bell and illustrated London ... 1845.
=500  \\$aHungerford Suspension Brigde shown.
=500  \\$aRiver, docks, railways, some roads and green spaces coloured; City of London outlined in pink.
=510  4\$aCrace, John Gregory, A catalogue of maps, plans and views of London, Westminster and Southwark collected and arranged by Frederick Crace (1878),$cno. 240, p. 40
=510  4\$aHowgego, James. Printed maps of London,$bcirca 1553-1850,$cno. 380 (1), p. 264
=651  \0$aLondon (England)$vMaps.
=655  \7$aMaps.$2fast$0(OCoLC)fst01423704
=700  1\$aCrace, Frederick,$d1779-1859,$eformer owner.
=700  1\$aCrace, John Gregory,$d1809-1889,$edonor.
=852  41$aBritish Library$bMAPS$jMaps Crace Port. 7.240
=856  41$3Copy at Maps Crace Port. 7.240$uhttp://www.bl.uk/onlinegallery/onlineex/crace/other/007000000000007u00240000.html$yDigitised map
=985  \\$aUpgraded from georeferencer data 2022-12-16.
=985  \\$aRecord amended for WR1606-1727
=985  \\$aUpdated by MS generated file for WR2302-017
=CAT  \\$a12842$b40$c20120720$lBLL01$h1329
=CAT  \\$a12842$b40$c20120727$lBLL01$h1139
=CAT  \\$aWR13.117$c20130718$lBLL01$h1854
=CAT  \\$a12842$b40$c20131002$lBLL01$h1517
=CAT  \\$a12842$b40$c20131024$lBLL01$h1456
=CAT  \\$aBATCH-UPD$b40$c20160224$lBLL01$h1704
=CAT  \\$aW1606-1727$c20160825$lBLL01$h1742
=CAT  \\$a14185$b40$c20221218$lBLL01$h1909
=CAT  \\$a14185$b40$c20221219$lBLL01$h0949
=CAT  \\$aW2302-0174$c20230223$lBLL01$h1959
=FIN  \\$aY$d20120720
=FMT  \\$a  MP
=LAS  \\$aW2302-0174$b00$c20230223$lBLL01$h1959

