=LDR  03825cem a2200577 a 4500
=001  016129061
=003  Uk
=005  20230223161624.0
=007  aj\aanzn
=008  120720s1841\\\\enk||||||\a\\\\\0\\\eng|\
=034  1\$aa$b17000$dW0014908$eW0015801$fN0513226$gN0512904$2bound
=040  \\$aUk$beng$cUk$dUk
=042  \\$aukblsr
=082  04$a912.421$223
=100  1\$aShury, John,$d1789-1854.
=245  10$aPlan of London from actual survey :$bwith all the railroads and improvements.
=255  \\$aScale approximately 1:17,000$c(W 1°49'08"--W 1°58'01"/N 51°32'26"--N 51°29'04").
=260  \\$aLondon :$bpublished by Orlando Hodgson, 111 Fleet Street,$c1841.
=300  \\$a1 map ;$c38 x 60 cm
=336  \\$acartographic image$2rdacontent
=337  \\$aunmediated$2rdamedia
=338  \\$asheet$2rdacarrier
=500  \\$aThis is a later edition of Shury's map of London first issued in 1832. The map features title along the top with the arms of the cities of London and Westminster. Down both sides of the map and along the bottom are 33 views of London buildings and landmarks. The East India House, Custom House, the Mint, St James's Palace, Christ's Hospital, the new Post Office, the bank of England, Hanover Terrace, the Corn Exchange and the Coliseum are depicted down the left side of the plate. Along the bottom are views of St Katherine's Chapel, Caledonian Church, mansion House, the Royal Exchange, Temple Bar, Guild Hall, Buckingham Palace, St Paul's Cathedral, the Monument, St Bride's Church, Lambeth Palace, Westminster Abbey and the entrance to Green Park. Down the right side of the plate are views of the House of Lords, London Bridge, the House of Commons, Waterloo Bridge, Drury Lane Theatre, Horse Guard, the King's College, Covent Garden Theatre, Somerset House and Gloucester Terrace.
=500  \\$aFirst published 1832; latest ed. with date in title altered to 1851.
=500  \\$aTitle with ornamental design of Royal arms and arms of the Cities of London and Westminster along top border.
=500  \\$aSurrounded with 33 vignette views of London buildings.
=500  \\$aBlackwell and Eastern Counties railways shown; positions of Lambeth Bridge and Thames Tunnel indicated by pecked line.
=510  4\$aCrace, John Gregory, A catalogue of maps, plans and views of London, Westminster and Southwark collected and arranged by Frederick Crace (1878),$cno. 243, p. 40
=510  4\$aHowgego, James. Printed maps of London,$bcirca 1553-1850,$cno. 343 (6), p. 246
=510  4\$aFrench, Josephine. Tooley's dictionary of mapmakers E-J (2001),$bpp. 343-344
=510  4\$aWorms, Laurence, Baynton-Williams, Ashley. British map engravers: a dictionary of engravers, lithographers and their principal employers,$bto 1850,$cpp. 604-605
=651  \0$aLondon (England)$vMaps.
=655  \7$aMaps.$2fast$0(OCoLC)fst01423704
=700  1\$aCrace, Frederick,$d1779-1859,$eformer owner.
=700  1\$aCrace, John Gregory,$d1809-1889,$edonor.
=700  1\$aHodgson, Orlando,$epublisher.
=852  41$aBritish Library$bMAPS$jMaps Crace Port. 7.243
=856  41$3Copy at Maps Crace Port. 7.243$uhttp://www.bl.uk/onlinegallery/onlineex/crace/p/007000000000007u00243000.html$yDigitised map
=985  \\$aUpgraded from georeferencer data 2022-12-16.
=985  \\$aRecord amended for WR1606-1727
=985  \\$aUpdated by MS generated file for WR2302-017
=CAT  \\$a12842$b40$c20120720$lBLL01$h1353
=CAT  \\$aWR13.117$c20130718$lBLL01$h1854
=CAT  \\$a12842$b40$c20131002$lBLL01$h1610
=CAT  \\$aW1606-1727$c20160825$lBLL01$h1742
=CAT  \\$a14185$b40$c20221218$lBLL01$h1909
=CAT  \\$a14185$b40$c20221219$lBLL01$h0920
=CAT  \\$aW2302-0174$c20230223$lBLL01$h1959
=FIN  \\$aY$d20120720
=FMT  \\$a  MP
=LAS  \\$aW2302-0174$b00$c20230223$lBLL01$h1959

