=LDR  02324cem a2200529 a 4500
=001  016129068
=003  Uk
=005  20230223161624.0
=007  aj\aanzn
=008  120720q1842\\\\enk||||||\a\\\\\0\\\eng|\
=034  1\$aa$b17200$dW0014814$eW0015910$fN0513249$gN0512836$2bound
=040  \\$aUk$beng$cUk$dUk
=042  \\$aukblsr
=082  04$a912.421$223
=100  10$aBiggs, George.
=245  10$aLondon at one view :$ba new map.
=255  \\$aScale approximately 1:17,200$c(W 1°48'14"--W 1°59'10"/N 51°32'49"--N 51°28'36").
=260  \\$aLondon :$bpublished by G. Biggs, 421 Strand,$c[1842]
=300  \\$a1 map :$bhand col. ;$c48 x 72 cm
=336  \\$acartographic image$2rdacontent
=337  \\$aunmediated$2rdamedia
=338  \\$asheet$2rdacarrier
=500  \\$a1st. ed.; later published with title changed to The railway bell and illustrated London ... 1845.
=500  \\$aSurrounded with 12 vignette views of London buildings.
=500  \\$aHungerford Suspension Brigde shown.
=510  4\$aCrace, John Gregory, A catalogue of maps, plans and views of London, Westminster and Southwark collected and arranged by Frederick Crace (1878),$cno. 244, p. 40
=510  4\$aHowgego, James. Printed maps of London,$bcirca 1553-1850,$cno. 380 (1), p. 264
=651  \0$aLondon (England)$vMaps.
=655  \7$aMaps.$2fast$0(OCoLC)fst01423704
=700  1\$aCrace, Frederick,$d1779-1859,$eformer owner.
=700  1\$aCrace, John Gregory,$d1809-1889,$edonor.
=852  41$aBritish Library$bMAPS$jMaps Crace Port. 7.244
=856  41$3Copy at Maps Crace Port. 7.244$uhttp://www.bl.uk/onlinegallery/onlineex/crace/l/007000000000007u00244000.html$yDigitised map
=985  \\$aUpgraded from georeferencer data 2022-12-16.
=985  \\$aRecord amended for WR1606-1727
=985  \\$aUpdated by MS generated file for WR2302-017
=CAT  \\$a12842$b40$c20120720$lBLL01$h1403
=CAT  \\$a12842$b40$c20120727$lBLL01$h1139
=CAT  \\$aWR13.117$c20130718$lBLL01$h1854
=CAT  \\$a12842$b40$c20131002$lBLL01$h1612
=CAT  \\$aBATCH-UPD$b40$c20160224$lBLL01$h1704
=CAT  \\$aW1606-1727$c20160825$lBLL01$h1742
=CAT  \\$a14185$b40$c20221218$lBLL01$h1909
=CAT  \\$aW2302-0174$c20230223$lBLL01$h1959
=FIN  \\$aY$d20120720
=FMT  \\$a  MP
=LAS  \\$aW2302-0174$b00$c20230223$lBLL01$h1959

