=LDR  03454cem a2200589 a 4500
=001  016129189
=003  Uk
=005  20230223161624.0
=007  aj\aanzn
=008  120720q18271835enk||||||\a\\\\\0\\\eng|\
=034  1\$aa$dW0014905$eE0000018$fN0513345$gN0512811$2bound
=040  \\$aUk$beng$cUk$dUk
=041  0\$aeng
=042  \\$aukblsr
=082  04$a912.421$223
=100  1\$aLaurie, Richard Holmes.
=245  10$aLaurie's new plan of London and its environs ... :$bBeing an original survey by John Outhett with all the recent improvements. This survey includes an extent of 7 3/4 miles east and west, and 6 miles north and south. It is founded on the trigonometric operations of the late Genl. Roy, combined with a new series of 52 stations on elevated situations from which the positions of upwards of 450 steeples, domes, turrets, vanes, and other conspicuous objects within the limits of the plan, have been determined by means of more than 5000 angles.
=250  \\$aImproved edition: 1834-5.
=255  \\$aScale not determined$c(W 1°49'05"--E 0°0'18"/N 51°33'45"--N 51°28'11").
=260  \\$aLondon :$bpublished by Richd. Holmes Laurie, Chart-seller to the Admiralty &c. &c. No. 53 Fleet Street,$c1st Jany 1827 [1834-5]
=300  \\$a1 map ;$c65 x 82 cm
=336  \\$acartographic image$2rdacontent
=337  \\$aunmediated$2rdamedia
=338  \\$asheet$2rdacarrier
=500  \\$aFirst published ca. 1820; latest ed. with date in title 1836. This is state not mentioned by Howgego; Improved edition: 1834-5 added and date in imprint altered to 1827.
=500  \\$aMap is divided into squares and borders marked off in miles north, south, east and west of St. Pauls.
=500  \\$aNew London Bridge shown; positions of Lambeth Bridge and Thames Tunnel indicated by pecked line.
=510  4\$aCrace, John Gregory, A catalogue of maps, plans and views of London, Westminster and Southwark collected and arranged by Frederick Crace (1878),$cno. 239, p. 40
=510  4\$aHowgego, James. Printed maps of London,$bcirca 1553-1850,$cno. 283 (6a), 209
=510  4\$aWorms, Laurence, Baynton-Williams, Ashley. British map engravers: a dictionary of engravers, lithographers and their principal employers,$bto 1850,$cp. 390
=585  \\$aCopy at Maps Crace Port. 7.239. Exhibited: "Picturing Places" (online), 27 April 2017-.$5Uk
=651  \0$aLondon (England)$vMaps.
=655  \7$aMaps.$2fast$0(OCoLC)fst01423704
=700  1\$aCrace, Frederick,$d1779-1859,$eformer owner.
=700  1\$aCrace, John Gregory,$d1809-1889,$edonor.
=852  41$aBritish Library$bMAPS$jMaps Crace Port. 7.239
=856  41$3Copy at Maps Crace Port. 7.239$uhttp://www.bl.uk/onlinegallery/onlineex/crace/l/007000000000007u00239000.html$yDigitised map
=985  \\$aUpgraded from georeferencer data 2022-12-16.
=985  \\$aRecord amended for WR1606-1727
=985  \\$aUpdated by MS generated file for WR2302-017
=CAT  \\$a12842$b40$c20120720$lBLL01$h1755
=CAT  \\$a12842$b40$c20120723$lBLL01$h1126
=CAT  \\$aWR13.117$c20130718$lBLL01$h1854
=CAT  \\$a12842$b40$c20131002$lBLL01$h1506
=CAT  \\$a12842$b40$c20131024$lBLL01$h1456
=CAT  \\$aW1606-1727$c20160825$lBLL01$h1742
=CAT  \\$a8250$b40$c20190710$lBLL01$h1104
=CAT  \\$a14185$b40$c20221218$lBLL01$h1909
=CAT  \\$aW2302-0174$c20230223$lBLL01$h1959
=FIN  \\$aY$d20120720
=FMT  \\$a  MP
=LAS  \\$aW2302-0174$b00$c20230223$lBLL01$h1959

