=LDR  03680cem a2200625 a 4500
=001  016129654
=003  Uk
=005  20230223161625.0
=007  aj\aanzn
=008  120723q18371841enk||||||\a\\\\\0\\\eng|\
=034  1\$aa$dW0014542$eE0000031$fN0513316$gN0512831$2bound
=040  \\$aUk$beng$cUk$dUk
=042  \\$aukblsr
=082  04$a912.421$223
=100  1\$aOuthett, John,$esurveyor.
=245  10$aLaurie's plan of London and Westminster, and Southwark :$btrigonometrically surveyed by John Outhett.
=250  \\$aImproved edition: 1841.
=255  \\$aScale not determined$c(W 1°45'42"--E 0°0'31"/N 51°33'16"--N 51°28'31").
=260  \\$aLondon :$bpublished by Richd. Holmes Laurie, Chart-seller to the Admiralty &c. &c. No. 53 Fleet Street,$c1st Jany 1837 [1841]
=300  \\$a1 map :$bhand coloured ;$c66 x 107 cm
=336  \\$acartographic image$2rdacontent
=337  \\$aunmediated$2rdamedia
=338  \\$asheet$2rdacarrier
=500  \\$aThis is a later edition of the folding map first issued by Laurie in 1837. The map features title at top right, key to colours and scale of 40 acres at bottom centre. The border of the map is divided in miles and furlongs from St Paul's Cathedral and seconds of longitude east and west of Greenwich.
=500  \\$a3rd. ed.; first published in 1837; latest ed. with date in title altered to 1858.
=500  \\$aClosely resembles Laurie's new plan of London and its environs ... first published ca. 1820 and may be from the same plate. It is extended to the west and a number of additions have been made.
=500  \\$aMap is divided into squares and border graduated in miles and furlongs north, south, east and west of St. Pauls and also in seconds of time east and west of Greenwich.
=500  \\$aA scale of 40 acres. Scale note: Cut a bit of Paper to the size required, and the space it cover will give the area.
=500  \\$aRiver, docks, canals, some roads and green spaces coloured; boundaries of wards shown in colour; City of London outlined in red.
=510  4\$aCrace, John Gregory, A catalogue of maps, plans and views of London, Westminster and Southwark collected and arranged by Frederick Crace (1878),$cno. 242, p. 40
=510  4\$aHowgego, James. Printed maps of London,$bcirca 1553-1850,$cno. 361 (3), pp. 254-255
=510  4\$aWorms, Laurence, Baynton-Williams, Ashley. British map engravers: a dictionary of engravers, lithographers and their principal employers,$bto 1850,$cp. 390
=651  \0$aLondon (England)$vMaps.
=655  \7$aMaps.$2fast$0(OCoLC)fst01423704
=700  1\$aCrace, Frederick,$d1779-1859,$eformer owner.
=700  1\$aCrace, John Gregory,$d1809-1889,$edonor.
=700  1\$aLaurie, Richard Holmes,$epublisher.
=852  41$aBritish Library$bMAPS$jMaps Crace Port. 7.242
=856  41$3Copy at Maps Crace Port. 7.242$uhttp://www.bl.uk/onlinegallery/onlineex/crace/l/007000000000007u00242000.html$yDigitised map
=985  \\$aUpgraded from BL georeferencer data 2022-12-16.
=985  \\$aRecord amended for WR1606-1727
=985  \\$aUpdated by MS generated file for WR2302-017
=CAT  \\$a12842$b40$c20120723$lBLL01$h1113
=CAT  \\$a12842$b40$c20120723$lBLL01$h1126
=CAT  \\$aWR13.117$c20130718$lBLL01$h1854
=CAT  \\$a12842$b40$c20131002$lBLL01$h1609
=CAT  \\$aW1606-1727$c20160825$lBLL01$h1742
=CAT  \\$a12842$b40$c20160922$lBLL01$h1543
=CAT  \\$a14185$b40$c20221218$lBLL01$h0902
=CAT  \\$a14185$b40$c20221219$lBLL01$h0920
=CAT  \\$a12842$b40$c20230209$lBLL01$h1259
=CAT  \\$aW2302-0174$c20230223$lBLL01$h1959
=FIN  \\$aY$d20120723
=FMT  \\$a  MP
=LAS  \\$aW2302-0174$b00$c20230223$lBLL01$h1959

