=LDR  02467cem a2200529 a 4500
=001  016129767
=003  Uk
=005  20230223161625.0
=007  aj\canzn
=008  120723s1842\\\\enk||||||\a\\\\\0\\\eng|\
=034  1\$aa$b44700$dW0000659$eW0000448$fN0513114$gN0513031$2bound
=040  \\$aUk$beng$cUk$dUk
=042  \\$aukblsr
=082  04$a912.421$223
=100  1\$aWyld, James,$d1812-1887.
=245  10$aWyld's plan of the city of London.
=255  \\$aScale not given.
=255  \\$aScale approximately 1:44,700$c(W 0°06'59"--W 0°04'48"/N 51°31'14"--N 51°30'31").
=260  \\$aLondon :$bpublished by James Wyld, Geographer to the Queen and H.R.H. Prince Albert, Charing Cross East,$cJune 20th 1842.
=300  \\$a1 map :$bhand col. ;$c65 x 123 cm
=336  \\$acartographic image$2rdacontent
=337  \\$aunmediated$2rdamedia
=338  \\$asheet$2rdacarrier
=500  \\$a2nd. ed. but without proposed new streets; first published ca. 1840.
=500  \\$aBased on Plan of the cities of London and Westminster ..., published in 1792-9 by Richard Horwood.
=500  \\$aReference to wards top right; boundaries shown in colour.
=500  \\$aScale given in "20 chains or 1/4 of mile".
=510  4\$aCrace, John Gregory, A catalogue of maps, plans and views of London, Westminster and Southwark collected and arranged by Frederick Crace (1878),$cno. 245, p. 40
=510  4\$aHowgego, James. Printed maps of London,$bcirca 1553-1850,$cno. 374 (2), pp. 261-262
=510  4\$aScott, Valerie. Tooley's dictionary of mapmakers Q-Z (2004),$bpp. 415-417
=651  \0$aLondon (England)$vMaps.
=655  \7$aMaps.$2fast$0(OCoLC)fst01423704
=700  1\$aCrace, Frederick,$d1779-1859,$eformer owner.
=700  1\$aCrace, John Gregory,$d1809-1889,$edonor.
=852  41$aBritish Library$bMAPS$jMaps Crace Port. 7.245
=856  41$3Copy at Maps Crace Port. 7.245$uhttp://www.bl.uk/onlinegallery/onlineex/crace/w/007000000000007u00245000.html$yDigitised map
=985  \\$aRecord amended for WR1606-1727
=985  \\$aUpdated by MS generated file for WR2302-017
=CAT  \\$a12842$b40$c20120723$lBLL01$h1248
=CAT  \\$aWR13.117$c20130718$lBLL01$h1854
=CAT  \\$a12842$b40$c20131002$lBLL01$h1613
=CAT  \\$aW1606-1727$c20160825$lBLL01$h1742
=CAT  \\$a14981$b40$c20180821$lBLL01$h1536
=CAT  \\$aW2302-0174$c20230223$lBLL01$h1959
=FIN  \\$aY$d20120723
=FMT  \\$a  MP
=LAS  \\$aW2302-0174$b00$c20230223$lBLL01$h1959

