=LDR  04149cem a2200577 a 4500
=001  016130002
=003  Uk
=005  20230223161625.0
=007  aj\canzn
=008  120723s1844\\\\enk||||||\a\\\\\0\\\eng|\
=034  1\$aa$b44500$dW0013909$eE0000542$fN0513649$gN0512403$2bound
=040  \\$aUk$beng$cUk$dUk
=042  \\$aukblsr
=082  04$a912.421$223
=100  1\$aDavies, Benjamin Rees.
=245  10$aLondon and its environs :$bcontaining the boundaries of the metropolitan boroughs, the different railroads & stations, the new cemeteries, roads, docks, canals, and all modern improvements. This map is chiefly from the Ordnance Survey, the railroads and other improvements, are from the official copies, the borough of Marylebone from the survey published by Mr Britton. The whole corrected from personal observations and measurements /$cdrawn & engraved by B. R. Davis, 16 George Street, Euston Square.
=255  \\$aScale approximately 1:44,500$c(W 1°39'09"--E 0°5'42"/N 51°36'49"--N 51°24'03").
=260  \\$a[London] :$bpublished by C.F. Cheffins, Lithogr. 9 Southampton Bulidings, Holborn ; pubd. by T.&W. Boone, 29 New Bond Str., Letts & Son, 8 Cornhill, J. Cross, 18 Holborn, & B.R. Davis, 16 George Str. Euston Squ.,$c1844.
=300  \\$a1 map :$bhand col. ;$c55 x 70 cm
=336  \\$acartographic image$2rdacontent
=337  \\$aunmediated$2rdamedia
=338  \\$asheet$2rdacarrier
=500  \\$aThis is a later edition of the map of London and the suburbs first issued by Davies in 1840. The map features title in top border, scale bar at bottom centre and key to symbols below the map. A note below the map states that the map contains "the boundaries of the Metropolitan Boroughs, the different railroads and stations, the new cemeteries and roads, docks, canals and all the modern improvements". The map is chiefly drawn from the Ordnance Survey, the railroads and the other improvements from the official copies and the Borough of Marylebone from the survey published by Mr Britton. The whole corrected from personal observations and measurements. Borough and county boundaries are highlighted in colour, with principal roads represented in yellow.
=500  \\$aFirst published in 1840. Latest ed. with year in imprint altered to 1854.
=500  \\$aProposed railway lines shown: from London to York; Stepney to Stratford; extensions of the West London from Kensintgon to Chelsea and Lavender Hill; from Lavender Hill to Richmond; and of the South Western to Waterloo.
=500  \\$aKey to symbols below map.
=500  \\$aRiver, canals, some roads and green spaces coloured; boundaries of wards shown in colour; City of London outlined in red.
=510  4\$aCrace, John Gregory, A catalogue of maps, plans and views of London, Westminster and Southwark collected and arranged by Frederick Crace (1878),$cno. 248, p. 41
=510  4\$aHowgego, James. Printed maps of London,$bcirca 1553-1850,$cno. 372 (5), pp. 259-260
=510  4\$aFrench, Josephine. Tooley's dictionary of mapmakers A-D (1999),$bp. 338
=651  \0$aLondon (England)$vMaps.
=655  \7$aMaps.$2fast$0(OCoLC)fst01423704
=700  1\$aCrace, Frederick,$d1779-1859,$eformer owner.
=700  1\$aCrace, John Gregory,$d1809-1889,$edonor.
=852  41$aBritish Library$bMAPS$jMaps Crace Port. 7.248
=856  41$3Copy at Maps Crace Port. 7.248$uhttp://www.bl.uk/onlinegallery/onlineex/crace/l/007000000000007u00248000.html$yDigitised map
=985  \\$aUpgraded from georeferencer data 2022-12-16.
=985  \\$aRecord amended for WR1606-1727
=985  \\$aUpdated by MS generated file for WR2302-017
=CAT  \\$a12842$b40$c20120723$lBLL01$h1638
=CAT  \\$a12842$b40$c20120723$lBLL01$h1646
=CAT  \\$aWR13.117$c20130718$lBLL01$h1854
=CAT  \\$a12842$b40$c20131002$lBLL01$h1619
=CAT  \\$aW1606-1727$c20160825$lBLL01$h1742
=CAT  \\$a12842$b40$c20170814$lBLL01$h0834
=CAT  \\$a14185$b40$c20221218$lBLL01$h1909
=CAT  \\$a14185$b40$c20221219$lBLL01$h0920
=CAT  \\$aW2302-0174$c20230223$lBLL01$h1959
=FIN  \\$aY$d20120723
=FMT  \\$a  MP
=LAS  \\$aW2302-0174$b00$c20230223$lBLL01$h1959

