=LDR  03312cem a2200589 a 4500
=001  016130017
=003  Uk
=005  20230223161625.0
=007  aj\aanzn
=008  120723s1845\\\\enk||||||\a\\\\\0\\\eng|\
=034  1\$aa$b14650$dW0014910$eW0015840$fN0513236$gN0512850$2bound
=040  \\$aUk$beng$cUk$dUk
=042  \\$aukblsr
=082  04$a912.421$223
=100  1\$aGardner, James,$dactive 1822-1850.
=245  10$aNew plan of the cities of London & Westminster with the borough of Southwark.
=255  \\$aScale approximately 1:14,650$c(W 1°49'10"--W 1°58'40"/N 51°32'36"--N 51°28'50").
=260  \\$aLondon :$bpublished by Jas. Gardner, 129 Regent Street,$c1845.
=300  \\$a1 map :$bhand col. ;$c44 x 69 cm
=336  \\$acartographic image$2rdacontent
=337  \\$aunmediated$2rdamedia
=338  \\$asheet$2rdacarrier
=500  \\$aThis is a later edition of the map of London, Westminster and Southwark first issued by Gardner in 1827. The map is enclosed in a border and features title along the top, key and scale bar along the bottom, with borough boundaries, open spaces and water courses and main roads in colour. Additions to earlier editions of the map include the Great Western, London and Birmingham, Eastern Counties, Blackwall and Croydon railways.
=500  \\$aFirst published in 1827; latest ed. with date in note below imprint altered to 1846.
=500  \\$aNote below imprint: Additions to 1845.
=500  \\$aGreat Western, London and Birmingham, Eastern Counties, Blackwell, London and Croydon railways shown.
=500  \\$aRiver, docks, canals, railways, some roads and green spaces coloured; boundaries of wards shown in colour; City of London outlined in red.
=510  4\$aCrace, John Gregory, A catalogue of maps, plans and views of London, Westminster and Southwark collected and arranged by Frederick Crace (1878),$cno. 249, p. 41
=510  4\$aHowgego, James. Printed maps of London,$bcirca 1553-1850,$cno. 308 (5), pp. 226-227
=510  4\$aWorms, Laurence, Baynton-Williams, Ashley. British map engravers: a dictionary of engravers, lithographers and their principal employers,$bto 1850,$cpp. 251-252
=651  \0$aLondon (England)$vMaps.
=655  \7$aMaps.$2fast$0(OCoLC)fst01423704
=700  1\$aCrace, Frederick,$d1779-1859,$eformer owner.
=700  1\$aCrace, John Gregory,$d1809-1889,$edonor.
=852  41$aBritish Library$bMAPS$jMaps Crace Port. 7.249
=856  41$3Copy at Maps Crace Port. 7.249$uhttp://www.bl.uk/onlinegallery/onlineex/crace/n/007000000000007u00249000.html$yDigitised map
=985  \\$aUpgraded from georeferencer data 2022-12-16.
=985  \\$aRecord amended for WR# 13/070
=985  \\$aRecord amended for WR1606-1727
=985  \\$aUpdated by MS generated file for WR2302-017
=CAT  \\$a12842$b40$c20120723$lBLL01$h1711
=CAT  \\$aWR13_070$b00$c20130504$lBLL01$h0339
=CAT  \\$aWR13_070C$c20130611$lBLL01$h1859
=CAT  \\$aWR13.117$c20130718$lBLL01$h1854
=CAT  \\$a12842$b40$c20131002$lBLL01$h1634
=CAT  \\$aW1606-1727$c20160825$lBLL01$h1742
=CAT  \\$a14185$b40$c20221218$lBLL01$h1909
=CAT  \\$a14185$b40$c20221219$lBLL01$h0919
=CAT  \\$aW2302-0174$c20230223$lBLL01$h1959
=FIN  \\$aY$d20120723
=FMT  \\$a  MP
=LAS  \\$aW2302-0174$b00$c20230223$lBLL01$h1959

