=LDR  02913cem a2200565 a 4500
=001  016130023
=003  Uk
=005  20230223161625.0
=007  aj\aanzn
=008  120723s1845\\\\enk||||||\a\\\\\0\\\eng|\
=034  1\$aa$b17200$dW0014819$eW0015859$fN0513254$gN0512832$2bound
=040  \\$aUk$beng$cUk$dUk
=042  \\$aukblsr
=082  04$a912.421$223
=100  10$aBiggs, George.
=245  14$aThe railway bell and Illustrated London Advertiser. 1845 :$bMap of London.
=255  \\$aScale approximately 1:17,200$c(W 1°48'19"--W 1°58'59"/N 51°32'54"--N 51°28'32").
=260  \\$a[London] :$bpublished at 335 Strand, opposite Somerset House,$c1845.
=300  \\$a1 map ;$c48 x 72 cm
=336  \\$acartographic image$2rdacontent
=337  \\$aunmediated$2rdamedia
=338  \\$asheet$2rdacarrier
=500  \\$aThis is a special edition of Biggs's map of London of 1842 for subscriber to the Illustrated London Advertiser. The map features title at the top superimposed to a view of the Thames at St Paul's and views of public buildings down both sides and along the bottom of the plan, with portraits of Queen Victoria and Prince Albert at bottom centre.
=500  \\$a2nd. ed.; first issued in 1842 entitled London at one view: a new map.
=500  \\$aTitle is superimposed on a view of the Thames with St. Paul's etc.
=500  \\$aSurrounded with 10 vignette views of London buildings and railway stations; portraits of Queen Victoria and Prince Albert below map.
=500  \\$aHungerford Suspension Brigde shown.
=510  4\$aCrace, John Gregory, A catalogue of maps, plans and views of London, Westminster and Southwark collected and arranged by Frederick Crace (1878),$cno. 251, p. 41
=510  4\$aHowgego, James. Printed maps of London,$bcirca 1553-1850,$cno. 380 (2), p. 264
=651  \0$aLondon (England)$vMaps.
=655  \7$aMaps.$2fast$0(OCoLC)fst01423704
=700  1\$aCrace, Frederick,$d1779-1859,$eformer owner.
=700  1\$aCrace, John Gregory,$d1809-1889,$edonor.
=852  41$aBritish Library$bMAPS$jMaps Crace Port. 7.251
=856  41$3Copy at Maps Crace Port. 7.251$uhttp://www.bl.uk/onlinegallery/onlineex/crace/t/007000000000007u00251000.html$yDigitised map
=985  \\$aUpgraded from georeferencer data 2022-12-16.
=985  \\$aRecord amended for WR1606-1727
=985  \\$aUpdated by MS generated file for WR2302-017
=CAT  \\$a12842$b40$c20120723$lBLL01$h1730
=CAT  \\$a12842$b40$c20120727$lBLL01$h1139
=CAT  \\$aWR13.117$c20130718$lBLL01$h1854
=CAT  \\$a12842$b40$c20131002$lBLL01$h1637
=CAT  \\$aBATCH-UPD$b40$c20160224$lBLL01$h1705
=CAT  \\$aW1606-1727$c20160825$lBLL01$h1742
=CAT  \\$a14185$b40$c20221218$lBLL01$h1909
=CAT  \\$a14185$b40$c20221219$lBLL01$h0906
=CAT  \\$aW2302-0174$c20230223$lBLL01$h1959
=FIN  \\$aY$d20120723
=FMT  \\$a  MP
=LAS  \\$aW2302-0174$b00$c20230223$lBLL01$h1959

