=LDR  02874cem a2200577 a 4500
=001  016130255
=003  Uk
=005  20230223161625.0
=007  aj\aanzn
=008  120724q1846\\\\gw\||||||\a\\\\\0\\\eng|\
=034  1\$aa$dW0014923$eW0015945$fN0513220$gN0512854$2bound
=040  \\$aUk$beng$cUk$dUk
=042  \\$aukblsr
=082  04$a912.421$223
=100  1\$aPayne, A. H.$q(Albert Henry),$d1812-1902.
=245  10$aPayne's illustrated plan of London.
=255  \\$aScale not determined$c(W 1°49'23"--W 1°59'45"/N 51°32'20"--N 51°28'54").
=260  \\$aDresden and Leipzig :$bpublished for the proprietors by A. H. Payne,$c[ca. 1846]
=300  \\$a1 map ;$c39 x 74 cm
=336  \\$acartographic image$2rdacontent
=337  \\$aunmediated$2rdamedia
=338  \\$asheet$2rdacarrier
=500  \\$aMap of London with title inset in top border, general view of London at top right and view of the House of Parliament at bottom centre. The plan shows Hungerford suspension bridge, with the proposed Waterloo Bridge indicated by a pecked line.
=500  \\$aDate in imprint taken from Printed maps of London, J. Howgego.
=500  \\$aIncludes two insets: general view of London and view of the Houses of Parliament.
=500  \\$aHungerford Suspension Bridge shown; proposed extension of the South Western railway to Waterloo indicated by pecked line.
=510  4\$aCrace, John Gregory, A catalogue of maps, plans and views of London, Westminster and Southwark collected and arranged by Frederick Crace (1878),$cno. 252, p. 41
=510  4\$aHowgego, James. Printed maps of London,$bcirca 1553-1850,$cno. 402 (1), pp. 272-273
=510  4\$aScott, Valerie. Tooley's dictionary of mapmakers K-P (2003),$bp. 391
=651  \0$aLondon (England)$vMaps.
=655  \7$aMaps.$2fast$0(OCoLC)fst01423704
=700  1\$aCrace, Frederick,$d1779-1859,$eformer owner.
=700  1\$aCrace, John Gregory,$d1809-1889,$edonor.
=852  41$aBritish Library$bMAPS$jMaps Crace Port. 7.252
=856  41$3Copy at Maps Crace Port. 7.252$uhttp://www.bl.uk/onlinegallery/onlineex/crace/p/007000000000007u00252000.html$yDigitised map
=985  \\$aUpgraded from georeferencer data 2022-12-16.
=985  \\$aRecord amended for WR1606-1727
=985  \\$aUpdated by MS generated file for WR2302-017
=CAT  \\$a12842$b40$c20120724$lBLL01$h0953
=CAT  \\$a12842$b40$c20120724$lBLL01$h0957
=CAT  \\$aWR13.117$c20130718$lBLL01$h1854
=CAT  \\$a12842$b40$c20131002$lBLL01$h1638
=CAT  \\$a7416$b40$c20140922$lBLL01$h1412
=CAT  \\$aW1606-1727$c20160825$lBLL01$h1742
=CAT  \\$a12842$b40$c20190312$lBLL01$h1309
=CAT  \\$a14185$b40$c20221218$lBLL01$h1909
=CAT  \\$a14185$b40$c20221219$lBLL01$h0943
=CAT  \\$aW2302-0174$c20230223$lBLL01$h1959
=FIN  \\$aY$d20120724
=FMT  \\$a  MP
=LAS  \\$aW2302-0174$b00$c20230223$lBLL01$h1959

