=LDR  03131cem a2200541 a 4500
=001  016133170
=003  Uk
=005  20230223161625.0
=007  aj\canzn
=008  120726s1848\\\\enk||||||\a\\\\\0\\\eng|\
=034  1\$aa$b21500$dW0014522$eE0000049$fN0513429$gN0512741$2bound
=040  \\$aUk$beng$cUk$dUk
=042  \\$aukblsr
=082  04$a912.421$223
=100  1\$aDavies, Benjamin Rees.
=245  10$aDavies's map of the British metropolis :$bcontaining the boundaries of the boroughs, the railways, stations & all modern improvements, particularly the boundaries of all the metropolitan county court districts & the county court houses, &c. with useful information relative thereto from authentic documents and actual survey /$cdrawn & engraved by B. R. Davies, 16 George Street, Euston Square.
=255  \\$aScale approximately 1:21,500$c(W 1°45'22"--E 0°0'49"/N 51°34'29"--N 51°27'41").
=260  \\$a[London] :$bpublished by J. Laidman, 119 Chancery Lane, J. Weale, 59 High Holborn, Letts & Co. &c., E. Wilson, Royal Exchange & B. R. Davies, 16 George Street, Euston Square,$cNovr. 20, 1848.
=300  \\$a1 map ;$c59 x 85 cm
=336  \\$acartographic image$2rdacontent
=337  \\$aunmediated$2rdamedia
=338  \\$asheet$2rdacarrier
=500  \\$aThis is the second edition of a map published twice in the same year, differing from the first edition only in the publisher's imprint. The development of the railways is evident here. The boroughs and the county-court districts are marked in red capitals.
=500  \\$a2nd ed.; first issued with date in imprint Sept 1st 1848 and slightly different title.
=500  \\$aExplanation of symbols and list of metropolitan boroughs below map.
=510  4\$aCrace, John Gregory, A catalogue of maps, plans and views of London, Westminster and Southwark collected and arranged by Frederick Crace (1878),$cno. 255, p. 41
=510  4\$aHowgego, James. Printed maps of London,$bcirca 1553-1850,$cno. 410 (2), pp. 276-278
=510  4\$aFrench, Josephine. Tooley's dictionary of mapmakers A-D (1999),$cp. 338
=651  \0$aLondon (England)$vMaps.
=655  \7$aMaps.$2fast$0(OCoLC)fst01423704
=700  1\$aCrace, Frederick,$d1779-1859,$eformer owner.
=700  1\$aCrace, John Gregory,$d1809-1889,$edonor.
=852  41$aBritish Library$bMAPS$jMaps Crace Port. 7.255
=856  41$3Copy at Maps Crace Port. 7.255$uhttp://www.bl.uk/onlinegallery/onlineex/crace/d/007000000000007u00255000.html$yDigitised map
=985  \\$aUpgraded from georeferencer data 2022-12-16.
=985  \\$aRecord amended for WR1606-1727
=985  \\$aUpdated by MS generated file for WR2302-017
=CAT  \\$a12842$b40$c20120726$lBLL01$h1240
=CAT  \\$a12842$b40$c20120726$lBLL01$h1359
=CAT  \\$aWR13.117$c20130718$lBLL01$h1854
=CAT  \\$a12842$b40$c20131002$lBLL01$h1649
=CAT  \\$aW1606-1727$c20160825$lBLL01$h1742
=CAT  \\$a14185$b40$c20221218$lBLL01$h1909
=CAT  \\$a14185$b40$c20221219$lBLL01$h0905
=CAT  \\$aW2302-0174$c20230223$lBLL01$h1959
=FIN  \\$aY$d20120726
=FMT  \\$a  MP
=LAS  \\$aW2302-0174$b00$c20230223$lBLL01$h1959

