=LDR  02831cem a2200553 a 4500
=001  016133285
=003  Uk
=005  20230223161625.0
=007  aj\aanzn
=008  120726s1849\\\\enk||||||\a\\\\\0\\\eng|\
=034  1\$aa$b21000$dW0014816$eE0000037$fN0513258$gN0512843$2bound
=040  \\$aUk$beng$cUk$dUk
=042  \\$aukblsr
=082  04$a912.421$223
=100  1\$aDavies, Benjamin Rees.
=245  10$aLondon. 1849. :$bDrawn & engraved expressly for the Post Office Directory /$cby B. R. Davies, 16 George Street, Euston Squ.
=255  \\$aScale approximately 1:21,000$c(W 1°48'16"--E 0°0'37"/N 51°32'58"--N 51°28'43").
=260  \\$a[London],$c1849.
=300  \\$a1 map ;$c36 x 66 cm
=336  \\$acartographic image$2rdacontent
=337  \\$aunmediated$2rdamedia
=338  \\$asheet$2rdacarrier
=500  \\$aThis map has been engraved for the Post Office Directory. It is the third edition of a map originally published in 1847.
=500  \\$aFirst published in 1847, later issued in 1848, 1849 (this ed.) and 1850.
=500  \\$aProposed extension of the South Western railway to Waterloo shown; East & West India Docks & Birmingham Junction Railway and London & Blackwell extention railway indicated by pecked line.
=510  4\$aCrace, John Gregory, A catalogue of maps, plans and views of London, Westminster and Southwark collected and arranged by Frederick Crace (1878),$cno. 256, pp. 41-42
=510  4\$aHowgego, James. Printed maps of London,$bcirca 1553-1850,$cno. 404 (3), p. 273
=510  4\$aFrench, Josephine. Tooley's dictionary of mapmakers A-D (1999),$cp. 338
=510  4\$aWorms, Laurence, Baynton-Williams, Ashley. British map engravers: a dictionary of engravers, lithographers and their principal employers,$bto 1850,$cpp. 186-187
=651  \0$aLondon (England)$vMaps.
=655  \7$aMaps.$2fast$0(OCoLC)fst01423704
=700  1\$aCrace, Frederick,$d1779-1859,$eformer owner.
=700  1\$aCrace, John Gregory,$d1809-1889,$edonor.
=852  41$aBritish Library$bMAPS$jMaps Crace Port. 7.256
=856  41$3Copy at Maps Crace Port. 7.256$uhttp://www.bl.uk/onlinegallery/onlineex/crace/l/007000000000007u00256000.html$yDigitised map
=985  \\$aUpgraded from georeferencer data 2022-12-16.
=985  \\$aRecord amended for WR1606-1727
=985  \\$aUpdated by MS generated file for WR2302-017
=CAT  \\$a12842$b40$c20120726$lBLL01$h1431
=CAT  \\$a12842$b40$c20120730$lBLL01$h1634
=CAT  \\$aWR13.117$c20130718$lBLL01$h1854
=CAT  \\$a12842$b40$c20131002$lBLL01$h1650
=CAT  \\$aW1606-1727$c20160825$lBLL01$h1742
=CAT  \\$a14185$b40$c20221218$lBLL01$h1909
=CAT  \\$a14185$b40$c20221219$lBLL01$h0902
=CAT  \\$aW2302-0174$c20230223$lBLL01$h1959
=FIN  \\$aY$d20120726
=FMT  \\$a  MP
=LAS  \\$aW2302-0174$b00$c20230223$lBLL01$h1959

