=LDR  03084cem a2200553 a 4500
=001  016133620
=003  Uk
=005  20230223161625.0
=007  aj\canzn
=008  120727q1842\\\\enk||||||\a\\\\\0\\\eng|\
=034  1\$aa$b17200$dW0014815$eW0015904$fN0513256$gN0512831$2bound
=040  \\$aUk$beng$cUk$dUk
=042  \\$aukblsr
=082  04$a912.421$223
=100  10$aBiggs, George.
=245  10$a[London at one view :$ba new map].
=255  \\$aScale approximately 1:17,200$c(W 1°48'15"--W 1°59'04"/N 51°32'56"--N 51°28'31").
=260  \\$a[London :$bpublished by G. Biggs, 421 Strand,$c1842]
=300  \\$a1 map :$bhand col. ;$c48 x 72 cm
=336  \\$acartographic image$2rdacontent
=337  \\$aunmediated$2rdamedia
=338  \\$asheet$2rdacarrier
=500  \\$aThis untitled map of London features scale bar at top left. The city boundary is marked in red, with open land, such as parks and gardens, in green, and the Thames, docks and canals in blue. The map clearly labels the contemporary development of the railway lines, with the Birmingham railway shown intersecting the Regent's Canal at Camden Town. The canal, enthusiastically promoted by architect John Nash, was built to facilitate the import of goods from the provinces. Constructed at the beginning of the era of sustained railway development, however, it never fulfilled its potential and became obsolete.
=500  \\$aTitle and imprint taken from Printed maps of London, J. Howgego.
=500  \\$aFirst published in 1842; later issued with title changed to The railway bell and illustrated London ... 1845.
=500  \\$aHungerford Suspension Brigde shown.
=500  \\$aRiver, docks, railways, some roads and green spaces coloured; City of London outlined in pink.
=510  4\$aCrace, John Gregory, A catalogue of maps, plans and views of London, Westminster and Southwark collected and arranged by Frederick Crace (1878),$cno. 257, p. 42
=510  4\$aHowgego, James. Printed maps of London,$bcirca 1553-1850,$cno. 380 (1), p. 264
=651  \0$aLondon (England)$vMaps.
=655  \7$aMaps.$2fast$0(OCoLC)fst01423704
=700  1\$aCrace, Frederick,$d1779-1859,$eformer owner.
=700  1\$aCrace, John Gregory,$d1809-1889,$edonor.
=852  41$aBritish Library$bMAPS$jMaps Crace Port. 7.257
=856  41$3Copy at Maps Crace Port. 7.257$uhttp://www.bl.uk/onlinegallery/onlineex/crace/l/007000000000007u00257000.html$yDigitised map
=985  \\$aUpgraded from georeferencer data 2022-12-16.
=985  \\$aRecord amended for WR1606-1727
=985  \\$aUpdated by MS generated file for WR2302-017
=CAT  \\$a12842$b40$c20120727$lBLL01$h1140
=CAT  \\$aWR13.117$c20130718$lBLL01$h1854
=CAT  \\$a12842$b40$c20131002$lBLL01$h1652
=CAT  \\$aBATCH-UPD$b40$c20160224$lBLL01$h1705
=CAT  \\$aW1606-1727$c20160825$lBLL01$h1742
=CAT  \\$a14185$b40$c20221218$lBLL01$h1909
=CAT  \\$a14185$b40$c20221219$lBLL01$h0848
=CAT  \\$aW2302-0174$c20230223$lBLL01$h1959
=FIN  \\$aY$d20120727
=FMT  \\$a  MP
=LAS  \\$aW2302-0174$b00$c20230223$lBLL01$h1959

