=LDR  03317cem a2200577 a 4500
=001  016133661
=003  Uk
=005  20230223161625.0
=007  aj\canzn
=008  120727q1828\\\\enk||||||\a\\\\\0\\\eng|\
=034  1\$aa$b29000$dW0014903$eW0015956$fN0513315$gN0512808$2bound
=040  \\$aUk$beng$cUk$dUk
=042  \\$aukblsr
=082  04$a912.421$223
=100  1\$aPhillips, Horatio,$epublisher.
=245  10$aPlan of London /$c[J. & J. Neele sc. 352 Strand].
=255  \\$aScale approximately 1:29,000$c(W 1°49'03"--W 1°59'56"/N 51°33'15"--N 51°28'08").
=260  \\$a[London :$bpublished by. H Phillips, 3 Charing Cross,$cMarch 11th 1828]
=300  \\$a1 map :$bcol. ;$c31 x 42 cm
=336  \\$acartographic image$2rdacontent
=337  \\$aunmediated$2rdamedia
=338  \\$asheet$2rdacarrier
=500  \\$aOnly the main roads appear on this map, giving the appearance of a rather spacious capital city. The new London Bridge is shown without its approaches. Pecked lines show the intended location of the Thames Tunnel. Marc Brunel, father of the great engineer Isobard, solved the problem of how to bore through soft ground or under water, inventing the tunnelling shield. Both father and son worked on the tunnel which was completed as a foot tunnel in 1843, before becoming a railway tunnel for the East London Railway in the 1860s. The East and West India Docks are also shown.
=500  \\$aImprint taken from Printed maps of London ... by J. Howgego.
=500  \\$aFrom The stranger's guide through London ... printed for H. Phillips in 1828.
=500  \\$aMap is divided into squares with numerals for reference, but has no index.
=500  \\$aMain roads only shown as New London Bridge but not its approaches; Thames Tunnel indicated by pecked line.
=510  4\$aCrace, John Gregory, A catalogue of maps, plans and views of London, Westminster and Southwark collected and arranged by Frederick Crace (1878),$cno. 259, p. 42
=510  4\$aHowgego, James. Printed maps of London,$bcirca 1553-1850,$cno. 319, p. 235
=510  4\$aWorms, Laurence, Baynton-Williams, Ashley. British map engravers: a dictionary of engravers, lithographers and their principal employers,$bto 1850,$cp. 480; p. 481
=651  \0$aLondon (England)$vMaps.
=655  \7$aMaps.$2fast$0(OCoLC)fst01423704
=700  1\$aCrace, Frederick,$d1779-1859,$eformer owner.
=700  1\$aCrace, John Gregory,$d1809-1889,$edonor.
=700  1\$aNeele, James,$eengraver.
=700  1\$aNeele, Josiah,$eengraver.
=852  41$aBritish Library$bMAPS$jMaps Crace Port. 7.259
=856  41$3Copy at Maps Crace Port. 7.259$uhttp://www.bl.uk/onlinegallery/onlineex/crace/p/007000000000007u00259000.html$yDigitised map
=985  \\$aUpgraded from georeferencer data 2022-12-16.
=985  \\$aRecord amended for WR1606-1727
=985  \\$aUpdated by MS generated file for WR2302-017
=CAT  \\$a12842$b40$c20120727$lBLL01$h1248
=CAT  \\$aWR13.117$c20130718$lBLL01$h1854
=CAT  \\$a12842$b40$c20131002$lBLL01$h1655
=CAT  \\$aW1606-1727$c20160825$lBLL01$h1742
=CAT  \\$a14185$b40$c20221218$lBLL01$h1909
=CAT  \\$a14185$b40$c20221219$lBLL01$h0939
=CAT  \\$aW2302-0174$c20230223$lBLL01$h1959
=FIN  \\$aY$d20120727
=FMT  \\$a  MP
=LAS  \\$aW2302-0174$b00$c20230223$lBLL01$h1959

