=LDR  03149cem a2200601 a 4500
=001  016133769
=003  Uk
=005  20230223161625.0
=007  aj\aanzn
=008  120727q1849\\\\enk||||||\a\\\\\0\\\eng|\
=034  1\$aa$b42000$dW0014641$eE0000041$fN0513355$gN0512702$2bound
=040  \\$aUk$beng$cUk$dUk
=042  \\$aukblsr
=082  04$a912.421$223
=100  1\$aRowe, S. J.,$epublisher.
=245  10$aLondon /$cengraved by E. Weller, 18 Bury St. Bloomsbury.
=255  \\$aScale approximately 1:42,000$c(W 1°46'41"--E 0°0'41"/N 51°33'55"--N 51°27'02").
=260  \\$a[London] :$bpublished by S. Rowe, 124 Cheapside,$c[ca. 1849]
=300  \\$a1 map ;$c31 x 39 cm
=336  \\$acartographic image$2rdacontent
=337  \\$aunmediated$2rdamedia
=338  \\$asheet$2rdacarrier
=500  \\$aOnly the main roads appear on this map, giving the appearance of a rather spacious capital city. The map is covered with a squared grid to allow for the easy calculation of Hackney Cab Fares. New London Bridge is shown without its approaches. Pecked lines show the intended location of the Thames tunnel. East and West India Docks are shown.
=500  \\$aDate in imprint from Printed maps of London, J. Howgego.
=500  \\$aMap is divided into squares; 4 mile circle from Charing Cross shown.
=500  \\$aRailways include the Richmond branch of the South Western, West London and the North Kent lines.
=510  4\$aCrace, John Gregory, A catalogue of maps, plans and views of London, Westminster and Southwark collected and arranged by Frederick Crace (1878),$cno. 260, p. 42
=510  4\$aHowgego, James. Printed maps of London,$bcirca 1553-1850,$cno. 418, p. 283
=510  4\$aScott, Valerie. Tooley's dictionary of mapmakers Q-Z (2004),$cp. 82
=510  4\$aWorms, Laurence, Baynton-Williams, Ashley. British map engravers: a dictionary of engravers, lithographers and their principal employers,$bto 1850,$cpp. 711-712
=651  \0$aLondon (England)$vMaps.
=655  \7$aMaps.$2fast$0(OCoLC)fst01423704
=700  1\$aCrace, Frederick,$d1779-1859,$eformer owner.
=700  1\$aCrace, John Gregory,$d1809-1889,$edonor.
=700  1\$aWeller, Edward,$d1819-1884,$eengraver.
=852  41$aBritish Library$bMAPS$jMaps Crace Port. 7.260
=856  41$3Copy at Maps Crace Port. 7.260$uhttp://www.bl.uk/onlinegallery/onlineex/crace/l/007000000000007u00260000.html$yDigitised map
=985  \\$aUpgraded from georeferencer data 2022-12-16.
=985  \\$aRecord amended for WR# 13/070
=985  \\$aRecord amended for WR1606-1727
=985  \\$aUpdated by MS generated file for WR2302-017
=CAT  \\$a12842$b40$c20120727$lBLL01$h1528
=CAT  \\$aWR13_070$b00$c20130504$lBLL01$h0339
=CAT  \\$aWR13.117$c20130718$lBLL01$h1854
=CAT  \\$a12842$b40$c20131002$lBLL01$h1700
=CAT  \\$aW1606-1727$c20160825$lBLL01$h1742
=CAT  \\$a8962$b40$c20190228$lBLL01$h0735
=CAT  \\$a14185$b40$c20221218$lBLL01$h1908
=CAT  \\$a14185$b40$c20221219$lBLL01$h0939
=CAT  \\$aW2302-0174$c20230223$lBLL01$h1959
=FIN  \\$aY$d20120727
=FMT  \\$a  MP
=LAS  \\$aW2302-0174$b00$c20230223$lBLL01$h1959

