=LDR  03604cem a2200577 a 4500
=001  016133799
=003  Uk
=005  20230223161625.0
=007  aj\aanzn
=008  120727q1850\\\\enk||||||\a\\\\\0\\\eng|\
=034  1\$aa$b17400$dW0014250$eE0000109$fN0513507$gN0512555$2bound
=040  \\$aUk$beng$cUk$dUk
=042  \\$aukblsr
=082  04$a912.421$223
=100  1\$aWyld, James,$d1812-1887.
=245  10$aLondon and its environs :$blevels taken by order of the Commissioners of Sewers.
=255  \\$aScale approximately 1:17,400$c(W 1°42'50"--E 0°1'09"/N 51°35'07"--N 51°25'55").
=260  \\$aLondon :$bpublished by James Wyld, Geographer to the Queen, Charing Cross East,$c[ca. 1850]
=300  \\$a1 map ;$c101 x 123 cm
=336  \\$acartographic image$2rdacontent
=337  \\$aunmediated$2rdamedia
=338  \\$asheet$2rdacarrier
=500  \\$aThe cholera outbreaks of the 1830s and 1840s forced the government to make drastic improvements to the methods of drainage and sewage disposal in London. A Metropolitan Commission of Sewers was charged with the central task of unifying the existing piecemeal drainage system and forming a plan for a completely new one. A new map showing the levels of the land to be drained was needed for this. In March 1848, officers of the Royal Engineers began to prepare stations for triangulation. Observation posts were set up on one of the towers of Westminster Abbey and over the cross of St Paul's. This map is the result of the survey, showing the relative altitude of the land, a necessary preamble to planning drainage systems, as sewage can only be washed away downhill.
=500  \\$aDate taken from Printed maps of London, J. Howgego.
=500  \\$aFirst published ca. 1848-49.
=500  \\$aOverprinted in red with levels taken by order of the Commissioners of Sewers. Bottom right corner note: The altitudes are given in feet above the approximate mean water at Liverpool being 12 1/2 feet below Trinity High Water Mark.
=500  \\$aCentre sheet is The Post Office plan of London published by J. Wyld ca. 1848-49.
=500  \\$aContains list of parishes in Middlesex and advertisement, left and right margins.
=510  4\$aCrace, John Gregory, A catalogue of maps, plans and views of London, Westminster and Southwark collected and arranged by Frederick Crace (1878),$cno. 261, p. 42
=510  4\$aHowgego, James. Printed maps of London,$bcirca 1553-1850,$cno. 415 (2a), pp. 279-281
=510  4\$aScott, Valerie. Tooley's dictionary of mapmakers Q-Z (2004),$bpp. 415-417
=651  \0$aLondon (England)$vMaps.
=655  \7$aMaps.$2fast$0(OCoLC)fst01423704
=700  1\$aCrace, Frederick,$d1779-1859,$eformer owner.
=700  1\$aCrace, John Gregory,$d1809-1889,$edonor.
=852  41$aBritish Library$bMAPS$jMaps Crace Port. 7.261
=856  41$3Copy at Maps Crace Port. 7.261$uhttp://www.bl.uk/onlinegallery/onlineex/crace/l/007000000000007u00261000.html$yDigitised map
=985  \\$aUpgraded from georeferencer data 2022-12-16.
=985  \\$aRecord amended for WR1606-1727
=985  \\$aUpdated by MS generated file for WR2302-017
=CAT  \\$a12842$b40$c20120727$lBLL01$h1622
=CAT  \\$a12842$b40$c20130103$lBLL01$h1559
=CAT  \\$aWR13.117$c20130718$lBLL01$h1854
=CAT  \\$a12842$b40$c20131002$lBLL01$h1701
=CAT  \\$aW1606-1727$c20160825$lBLL01$h1742
=CAT  \\$a14185$b40$c20221218$lBLL01$h1908
=CAT  \\$a14185$b40$c20221219$lBLL01$h0933
=CAT  \\$aW2302-0174$c20230223$lBLL01$h1959
=FIN  \\$aY$d20120727
=FMT  \\$a  MP
=LAS  \\$aW2302-0174$b00$c20230223$lBLL01$h1959

