=LDR  03341cem a2200577 a 4500
=001  016133811
=003  Uk
=005  20230223161625.0
=007  aj\canzn
=008  120727q1850\\\\enk||||||\a\\\\\0\\\eng|\
=034  1\$aa$b20500$dW0014825$eE0000019$fN0513345$gN0512829$2bound
=040  \\$aUk$beng$cUk$dUk
=041  0\$aeng
=042  \\$aukblsr
=082  04$a912.421$223
=100  1\$aFriederichs, Joachim.
=245  14$aThe circuiteer :$ba series of distance maps for all the principal towns in the united Kingdom. Invented by J. Friederichs, to serve as a guide for ascertaining cab fares, porterage &c. &c. /$cC. Graf lith. Great Castle Street Oxford Street.
=255  \\$aScale approximately 1:20,500$c(W 1°48'25"--E 0°0'19"/N 51°33'45"--N 51°28'29").
=260  \\$a[London] :$bpublished by J. Friederichs, 5, Nassau Street, Soho Square and Simpkin Marschall & Co.,$c[1850]
=300  \\$a1 map :$bcol. ;$c49 x 58 cm
=336  \\$acartographic image$2rdacontent
=337  \\$aunmediated$2rdamedia
=338  \\$asheet$2rdacarrier
=500  \\$aThe title of this map of Victorian London appears at top centre, with a scale bar at the foot of the plate. The map is divided into circles, each a half-mile in diameter, allowing the reader to ascertain the distance between two places at a glance. Each circle is also numbered for reference, with a key to the principal streets and squares a in panel below the map, together with an explanatory note. Repeated in French and German, this note reports London cab fares, set by Act of Parliament at 8d (pence) per mile and 4d for every additional half mile.
=500  \\$aDate in imprint taken from Printed maps of London, J. Howgego.
=500  \\$a2nd ed.; first published ca. 1874, later issued in 1851.
=500  \\$aOverlaid with network of ca. 4 cm. circles, each indicating 1/2 mile.
=500  \\$aBelow map explanation in English, French and German; includes index to streets.
=510  4\$aCrace, John Gregory, A catalogue of maps, plans and views of London, Westminster and Southwark collected and arranged by Frederick Crace (1878),$cno. 262, p. 42
=510  4\$aHowgego, James. Printed maps of London,$bcirca 1553-1850,$cno. 408 (2), pp. 275-276
=510  4\$aFrench, Josephine. Tooley's dictionary of mapmakers E-J (2001),$cp. 112
=651  \0$aLondon (England)$vMaps.
=655  \7$aMaps.$2fast$0(OCoLC)fst01423704
=700  1\$aCrace, Frederick,$d1779-1859,$eformer owner.
=700  1\$aCrace, John Gregory,$d1809-1889,$edonor.
=852  41$aBritish Library$bMAPS$jMaps Crace Port. 7.262
=856  41$3Copy at Maps Crace Port. 7.262$uhttp://www.bl.uk/onlinegallery/onlineex/crace/t/007000000000007u00262000.html$yDigitised map
=985  \\$aUpgraded from georeferencer data 2022-12-16.
=985  \\$a100=NEW
=985  \\$aRecord amended for WR1606-1727
=985  \\$aUpdated by MS generated file for WR2302-017
=CAT  \\$a12842$b40$c20120727$lBLL01$h1710
=CAT  \\$aWR13.117$c20130718$lBLL01$h1854
=CAT  \\$a12842$b40$c20131002$lBLL01$h1704
=CAT  \\$aW1606-1727$c20160825$lBLL01$h1742
=CAT  \\$a14185$b40$c20221218$lBLL01$h1908
=CAT  \\$a14185$b40$c20221219$lBLL01$h0925
=CAT  \\$aW2302-0174$c20230223$lBLL01$h1959
=FIN  \\$aY$d20120727
=FMT  \\$a  MP
=LAS  \\$aW2302-0174$b00$c20230223$lBLL01$h1959

