=LDR  03001cem a2200553 a 4500
=001  016133813
=003  Uk
=005  20230223161626.0
=007  aj\aanzn
=008  120727s1851\\\\enk||||||\a\\\\\0\\\eng|\
=034  1\$aa$b17000$dW0014911$eW0015755$fN0513227$gN0512904$2bound
=040  \\$aUk$beng$cUk$dUk
=042  \\$aukblsr
=082  04$a912.421$223
=100  1\$aShury, John,$d1789-1854.
=245  10$aPlan of London from actual survey :$bwith all the railroads and improvements. To the present time.
=255  \\$aScale approximately 1:17,000$c(W 1°49'11"--W 1°57'55"/N 51°32'27"--N 51°29'04").
=260  \\$a[London,$c1851]
=300  \\$a1 map ;$c38 x 60 cm
=336  \\$acartographic image$2rdacontent
=337  \\$aunmediated$2rdamedia
=338  \\$asheet$2rdacarrier
=500  \\$aThis map of Victorian London is set within a decorative border, featuring title and publisher's imprint in a panel above the plan, and views of the city's prominent buildings and landmarks along the margins. This is a later edition of the map first published by Shury in 1832, featuring new railway lines and a pictorial view of Crystal Palace, venue of the Great Exhibition of 1851.
=500  \\$aFirst published 1832.
=500  \\$aDate taken from pencil annotation below title.
=500  \\$aSurrounded with 33 vignette views of London buildings. An engraving of the Crystal Palace inserted, top centre.
=500  \\$aBlackwell and Eastern Counties railways shown; positions of Lambeth Bridge and Thames Tunnel indicated by pecked line.
=510  4\$aCrace, John Gregory, A catalogue of maps, plans and views of London, Westminster and Southwark collected and arranged by Frederick Crace (1878),$cno. 263, p. 42
=510  4\$aHowgego, James. Printed maps of London,$bcirca 1553-1850,$cno. 343 (7), p. 246
=510  4\$aWorms, Laurence, Baynton-Williams, Ashley. British map engravers: a dictionary of engravers, lithographers and their principal employers,$bto 1850,$cpp. 604-605
=651  \0$aLondon (England)$vMaps.
=655  \7$aMaps.$2fast$0(OCoLC)fst01423704
=700  1\$aCrace, Frederick,$d1779-1859,$eformer owner.
=700  1\$aCrace, John Gregory,$d1809-1889,$edonor.
=852  41$aBritish Library$bMAPS$jMaps Crace Port. 7.263
=856  41$3Copy at Maps Crace Port. 7.263$uhttp://www.bl.uk/onlinegallery/onlineex/crace/p/007000000000007u00263000.html$yDigitised map
=985  \\$aUpgraded from georeferencer data 2022-12-16.
=985  \\$aRecord amended for WR1606-1727
=985  \\$aUpdated by MS generated file for WR2302-017
=CAT  \\$a12842$b40$c20120727$lBLL01$h1733
=CAT  \\$aWR13.117$c20130718$lBLL01$h1854
=CAT  \\$a12842$b40$c20131002$lBLL01$h1707
=CAT  \\$aW1606-1727$c20160825$lBLL01$h1742
=CAT  \\$a14185$b40$c20221218$lBLL01$h1908
=CAT  \\$a14185$b40$c20221219$lBLL01$h0857
=CAT  \\$aW2302-0174$c20230223$lBLL01$h1959
=FIN  \\$aY$d20120727
=FMT  \\$a  MP
=LAS  \\$aW2302-0174$b00$c20230223$lBLL01$h1959

