=LDR  03749cem a2200685 a 4500
=001  016133821
=003  Uk
=005  20230223161626.0
=007  aj\canzn
=008  120727s1851\\\\enk||||||\a\\\\\0\\\eng|\
=034  1\$aa$b8000$dW0014810$eE0000043$fN0513300$gN0512746$2bound
=040  \\$aUk$beng$cUk$dUk
=042  \\$aukblsr
=082  04$a912.421$223
=100  1\$aGreenwood, C.$q(Christopher),$d1786-1855.
=245  10$aMap of London, from actual survey, :$bcomprehending the various improvements to 1851 /$cby the proprietors E. Ruff & Co., Hind Court, Fleet Street.
=255  \\$aScale approximately 1:8,000$c(W 1°48'10"--E 0°0'43"/N 51°33'00"--N 51°27'46").
=260  \\$a[London] :$bE. Ruff & Co., Hind Court, Fleet Street,$c1851.
=300  \\$a1 map :$bhand col. ;$c122 x 180 cm
=336  \\$acartographic image$2rdacontent
=337  \\$aunmediated$2rdamedia
=338  \\$asheet$2rdacarrier
=500  \\$aThis is a later edition of the Greenwoods' map of London first issued in 1827. Set within a decorative border, the map features title at top right, view of Westminster Abbey with key to symbols and colours at bottom left and view of St. Paul's Cathedral with reference table at bottom right.
=500  \\$aContains dedication to Queen Victoria from the publisher.
=500  \\$aFirst published in 1827.
=500  \\$aIncludes views of Westminster Abbey bottom left and St. Paul's bottom right.
=500  \\$aSouth Western railway extended to Waterloo, Paddington Station shown but not named; the site of the Great Industrial Exhibition in Hyde Park shown.
=500  \\$aTable of reference to parished bottom right.
=500  \\$aRiver, docks, canals, railways, some roads and green spaces coloured; boundaries of wards shown in colour; City of London outlined in red.
=510  4\$aCrace, John Gregory, A catalogue of maps, plans and views of London, Westminster and Southwark collected and arranged by Frederick Crace (1878),$cno. 265, pp. 42-43
=510  4\$aHowgego, James. Printed maps of London,$bcirca 1553-1850,$cno. 309 (8), pp. 227-229
=510  4\$aScott, Valerie. Tooley's dictionary of mapmakers K-P (2003),$bpp. 311-312
=510  4\$aScott, Valerie. Tooley's dictionary of mapmakers Q-Z (2004),$cp. 85
=510  4\$aWorms, Laurence, Baynton-Williams, Ashley. British map engravers: a dictionary of engravers, lithographers and their principal employers,$bto 1850,$cpp. 278-280; pp. 480-481
=651  \0$aLondon (England)$vMaps.
=655  \7$aMaps.$2fast$0(OCoLC)fst01423704
=700  1\$aCrace, Frederick,$d1779-1859,$eformer owner.
=700  1\$aCrace, John Gregory,$d1809-1889,$edonor.
=700  1\$aGreenwood, J.$q(John),$d1791-1867.
=700  1\$aNeele, Josiah,$eengraver.
=700  1\$aNeele, James,$eengraver.
=700  1\$aRuff, Edward,$epublisher.
=852  41$aBritish Library$bMAPS$jMaps Crace Port. 7.265
=856  41$3Copy at Maps Crace Port. 7.265$uhttp://www.bl.uk/onlinegallery/onlineex/crace/m/007000000000007u00265000.html$yDigitised map
=985  \\$aUpgraded from georeferencer data 2022-12-16.
=985  \\$a700=NEW
=985  \\$aRecord amended for WR1606-1727
=985  \\$aUpdated by MS generated file for WR2302-017
=CAT  \\$a12842$b40$c20120727$lBLL01$h1825
=CAT  \\$a12842$b40$c20120727$lBLL01$h1826
=CAT  \\$a12842$b40$c20120730$lBLL01$h1336
=CAT  \\$aWR13.117$c20130718$lBLL01$h1854
=CAT  \\$a12842$b40$c20131002$lBLL01$h1710
=CAT  \\$aW1606-1727$c20160825$lBLL01$h1742
=CAT  \\$a14185$b40$c20221218$lBLL01$h1908
=CAT  \\$a14185$b40$c20221219$lBLL01$h0920
=CAT  \\$aW2302-0174$c20230223$lBLL01$h1959
=FIN  \\$aY$d20120727
=FMT  \\$a  MP
=LAS  \\$aW2302-0174$b00$c20230223$lBLL01$h1959

