=LDR  02520cem a2200469 a 4500
=001  016134210
=003  Uk
=005  20221219085306.0
=007  aj\aanzn
=008  120730s1850\\\\enk||||||\a\\\\\0\\\eng|\
=034  1\$aa$b63360$dW0013757$eE0000640$fN0513615$gN0512337$2bound
=040  \\$aUk$beng$cUk$dUk
=042  \\$aukblsr
=082  04$a912.421$223
=245  00$aIndex to the map of London made for the Metropolitan Commissioners of Sewers.
=255  \\$aScale approximately 1:63,360$c(W 1°37'57"--E 0°6'40"/N 51°36'15"--N 51°23'37").
=260  \\$a[London],$c1850.
=300  \\$a1 map ;$c36 x 51 cm
=336  \\$acartographic image$2rdacontent
=337  \\$aunmediated$2rdamedia
=338  \\$asheet$2rdacarrier
=500  \\$aThis map's title and imprint feature at top left, with an explanatory note at bottom right and scale bar at bottom centre. The map is divided into rectangles, forming the index to two "London and its Environs" Ordnance Survey maps. The cholera outbreaks of the 1830s and 40s forced the government to improve London drainage and sewage disposal. The Commission of Sewers was established to combine seven of the eight existing sewage companies into one, unifying their drainage systems.
=500  \\$aDivided into 43 sections and form a key to two London and its Environs maps published in 1848 and 1851 by Ordnance Survey.
=500  \\$aIncludes explanation note at bottom right.
=510  4\$aCrace, John Gregory, A catalogue of maps, plans and views of London, Westminster and Southwark collected and arranged by Frederick Crace (1878),$cno. 264, p. 42
=510  4\$aHowgego, James. Printed maps of London,$bcirca 1553-1850,$cno. 419, p. 283
=651  \0$aLondon$vMaps.
=700  1\$aCrace, Frederick,$d1779-1859,$eformer owner.
=700  1\$aCrace, John Gregory,$d1809-1889,$edonor.
=852  41$aBritish Library$bMAPS$jMaps Crace Port. 7.264
=856  41$3Copy at Maps Crace Port. 7.264$uhttp://www.bl.uk/onlinegallery/onlineex/crace/i/007000000000007u00264000.html$yDigitised map
=985  \\$aUpgraded from georeferencer data 2022-12-16.
=985  \\$aRecord amended for WR1606-1727
=CAT  \\$a12842$b40$c20120730$lBLL01$h1219
=CAT  \\$aWR13.117$c20130718$lBLL01$h1854
=CAT  \\$a12842$b40$c20130719$lBLL01$h1334
=CAT  \\$aW1606-1727$c20160825$lBLL01$h1742
=CAT  \\$a14185$b40$c20221218$lBLL01$h1908
=CAT  \\$a14185$b40$c20221219$lBLL01$h0853
=FIN  \\$aY$d20120730
=FMT  \\$a  MP
=LAS  \\$a14185$b40$c20221219$lBLL01$h0853

