=LDR  03252cem a2200565 a 4500
=001  016134218
=003  Uk
=005  20230223161626.0
=007  aj\canzn
=008  120730q1851\\\\enk||||||\a\\\\\0\\\eng|\
=034  1\$aa$b21500$dW0014746$eE0000047$fN0513411$gN0512803$2bound
=040  \\$aUk$beng$cUk$dUk
=042  \\$aukblsr
=082  04$a912.421$223
=100  1\$aMogg, Edward.
=245  10$aLondon and its environs :$bdrawn from the latest surveys /$cby E. S. Mogg.
=255  \\$aScale approximately 1:21,500$c(W 1°47'46"--E 0°0'47"/N 51°34'11"--N 51°28'03").
=260  \\$a[London] :$bpublished by the proprietor E. S. Mogg, 14 Great Russell Street, Covent Garden,$c[1851]
=300  \\$a1 map :$bhand col. ;$c52 x 70 cm
=336  \\$acartographic image$2rdacontent
=337  \\$aunmediated$2rdamedia
=338  \\$asheet$2rdacarrier
=500  \\$aThe radius of the red circle on this map (above St. Paul's) extends for three miles around the Post Office. The Post Office was erected on the site of St Martin-le-Grand. Designed by Sir Robert Smirke, it was opened in 1829. Coloured roads represent omnibus routes. Buses gradually replaced hackney coaches after the hackney's monopoly ended in1832. The site of the 1851 Great Exhibition in Hyde Park is indicated.
=500  \\$aFirst published in 1845.
=500  \\$aDate taken from A catalogue of maps, plans and views of London, Westminster and Southwark collected and arranged by Frederick Crace, 1878.
=500  \\$aNote below scale: The circle exhibits a radius of three miles from the Post Office, and the coloured lines illustrate the Omnibus routes.
=500  \\$aSouth Western railway extended to Waterloo; the site of the Great Exhibition in Hyde Park shown.
=500  \\$aRiver, main roads and open spaces coloured.
=510  4\$aCrace, John Gregory, A catalogue of maps, plans and views of London, Westminster and Southwark collected and arranged by Frederick Crace (1878),$cno. 266, p. 43
=510  4\$aHowgego, James. Printed maps of London,$bcirca 1553-1850,$cno. 390 (4), p. 268
=510  4\$aWorms, Laurence, Baynton-Williams, Ashley. British map engravers: a dictionary of engravers, lithographers and their principal employers,$bto 1850,$cpp. 454-455
=651  \0$aLondon (England)$vMaps.
=655  \7$aMaps.$2fast$0(OCoLC)fst01423704
=700  1\$aCrace, Frederick,$d1779-1859,$eformer owner.
=700  1\$aCrace, John Gregory,$d1809-1889,$edonor.
=852  41$aBritish Library$bMAPS$jMaps Crace Port. 7.266
=856  41$3Copy at Maps Crace Port. 7.266$uhttp://www.bl.uk/onlinegallery/onlineex/crace/m/007000000000007u00266000.html$yDigitised map
=985  \\$aUpgraded from georeferencer data 2022-12-16.
=985  \\$aRecord amended for WR1606-1727
=985  \\$aUpdated by MS generated file for WR2302-017
=CAT  \\$a12842$b40$c20120730$lBLL01$h1307
=CAT  \\$aWR13.117$c20130718$lBLL01$h1854
=CAT  \\$a12842$b40$c20131002$lBLL01$h1711
=CAT  \\$aW1606-1727$c20160825$lBLL01$h1742
=CAT  \\$a14185$b40$c20221218$lBLL01$h1908
=CAT  \\$a14185$b40$c20221219$lBLL01$h0929
=CAT  \\$aW2302-0174$c20230223$lBLL01$h1959
=FIN  \\$aY$d20120730
=FMT  \\$a  MP
=LAS  \\$aW2302-0174$b00$c20230223$lBLL01$h1959

