=LDR  03363cem a2200553 a 4500
=001  016134358
=003  Uk
=005  20230223161626.0
=007  aj\aanzn
=008  120730s1851\\\\enk||||||\a\\\\\0\\\eng|\
=034  1\$aa$dW0015034$eW0015503$fN0513126$gN0512950$2bound
=040  \\$aUk$beng$cUk$dUk
=042  \\$aukblsr
=082  04$a912.421$223
=100  1\$aFord, William Simpson,$epublisher.
=245  10$aFord's illustrated memorial of the Grand Industrial Exhibition of all Nations, Hyde Park, London 1851 /$cW. A. Dellamotte delt. ; J. Meyer Lith.
=255  \\$aScale not determined$c(W 1°50'34"--W 1°55'03"/N 51°31'26"--N 51°29'50").
=260  \\$a[London] :$bpubl. by William Simpson Ford, 18, Hollywell St Strand,$c1851.
=300  \\$a1 map ;$c39 x 29 cm
=336  \\$acartographic image$2rdacontent
=337  \\$aunmediated$2rdamedia
=338  \\$asheet$2rdacarrier
=500  \\$aThis pictorial map commemorates the Great Exhibition of 1851, conceived by Henry Cole and presided over by Prince Albert. The exhibition was held in the Crystal Palace. Designed by Joseph Paxton, it showcased exhibits from all over the world, including the largest pearl ever found, a knife with 300 blades, and the Koh-i-Noor diamond. The exhibition was opened by Queen Victoria in May 1851. She remained a frequent visitor, as did the Duke of Wellington. Only main roads in the capital are shown on this map and London locations are marked by small medallions containing scenes. Borders of roundels contain people from "all nations". Queen Victoria and Albert flank a view of the Crystal Palace, which was removed from Hyde Park in 1852 and rebuilt at Sydenham.
=500  \\$aPublished to commemorate the Great Exhibition of 1851.
=500  \\$aIncludes views of: Crystal Palace top centre; Bank of England, Royal Exchange and Mansion House lower portion of plate.
=500  \\$aSurrounded with images of people 'from all nations'; portraits of Queen Victoria and Prince Albert upper left and right corner.
=500  \\$aOnly main roads shown; small images in roundels of London sites marked on map.
=510  1\$aCrace, John Gregory, A catalogue of maps, plans and views of London, Westminster and Southwark collected and arranged by Frederick Crace (1878),$cno. 267, p. 43
=651  \0$aLondon (England)$vMaps.
=655  \7$aMaps.$2fast$0(OCoLC)fst01423704
=700  1\$aCrace, Frederick,$d1779-1859,$eformer owner.
=700  1\$aCrace, John Gregory,$d1809-1889,$edonor.
=700  1\$aDelamotte, William,$d1775-1863.
=852  41$aBritish Library$bMAPS$jMaps Crace Port. 7.267
=856  41$3Copy at Maps Crace Port. 7.267$uhttp://www.bl.uk/onlinegallery/onlineex/crace/f/007000000000007u00267000.html$yDigitised map
=985  \\$aUpgraded from georeferencer data 2022-12-16.
=985  \\$a100=NEW
=985  \\$aRecord amended for WR1606-1727
=985  \\$aUpdated by MS generated file for WR2302-017
=CAT  \\$a12842$b40$c20120730$lBLL01$h1539
=CAT  \\$aWR13.117$c20130718$lBLL01$h1854
=CAT  \\$a12842$b40$c20131002$lBLL01$h1713
=CAT  \\$aW1606-1727$c20160825$lBLL01$h1742
=CAT  \\$a14185$b40$c20221218$lBLL01$h1908
=CAT  \\$a14185$b40$c20221219$lBLL01$h0852
=CAT  \\$aW2302-0174$c20230223$lBLL01$h1959
=FIN  \\$aY$d20120730
=FMT  \\$a  MP
=LAS  \\$aW2302-0174$b00$c20230223$lBLL01$h1959

