=LDR  02929cem a2200565 a 4500
=001  016134370
=003  Uk
=005  20230223161626.0
=007  aj\aanzn
=008  120730q1857\\\\enk||||||\a\\\\\0\\\eng|\
=034  1\$aa$dW0014929$eW0015918$fN0513258$gN0512854$2bound
=040  \\$aUk$beng$cUk$dUk
=042  \\$aukblsr
=082  04$a912.421$223
=100  1\$aPayne, A. H.$q(Albert Henry),$d1812-1902.
=245  10$aPayne's improved plan of London.
=255  \\$aScale not determined$c(W 1°49'29"--W 1°59'18"/N 51°32'58"--N 51°28'54").
=260  \\$aLondon [Leipzig & Dresden] :$bA. H. Payne, 67 Paternoster Row,$c[ca. 1857]
=300  \\$a1 map ;$c47 x 71 cm
=336  \\$acartographic image$2rdacontent
=337  \\$aunmediated$2rdamedia
=338  \\$asheet$2rdacarrier
=500  \\$aThe title of this map appears at top right alongside the publisher's imprint (in shield) and the city arms. The map is divided in half-mile squares with letters and numbers for reference running along the borders. It shows the Dover, Croydon, Greenwich, Blackwall, Eastern, North London, Great Northern and Birmingham railway lines and their termini.
=500  \\$aDate in imprint taken from Printed maps of Victorian London, R. Hyde.
=500  \\$aMap is divided into half mile squares and borders lettered and numbered for reference.
=500  \\$aOnly western part of Victoria Street shown completed.
=500  \\$aRelated to Payne's illustrated plan of London first published ca. 1846, but area covered not identical.
=510  4\$aCrace, John Gregory, A catalogue of maps, plans and views of London, Westminster and Southwark collected and arranged by Frederick Crace (1878),$cno. 268, p. 43
=510  4\$aHyde, Ralph. Printed maps of Victorian London,$b1851-1900,$cno. 29, p. 75
=510  4\$aScott, Valerie. Tooley's dictionary of mapmakers K-P (2003),$bp. 391
=651  \0$aLondon (England)$vMaps.
=655  \7$aMaps.$2fast$0(OCoLC)fst01423704
=700  1\$aCrace, Frederick,$d1779-1859,$eformer owner.
=700  1\$aCrace, John Gregory,$d1809-1889,$edonor.
=852  41$aBritish Library$bMAPS$jMaps Crace Port. 7.268
=856  41$3Copy at Maps Crace Port. 7.268$uhttp://www.bl.uk/onlinegallery/onlineex/crace/p/007000000000007u00268000.html$yDigitised map
=985  \\$aUpgraded from georeferencer data 2022-12-16.
=985  \\$aRecord amended for WR1606-1727
=985  \\$aUpdated by MS generated file for WR2302-017
=CAT  \\$a12842$b40$c20120730$lBLL01$h1603
=CAT  \\$aWR13.117$c20130718$lBLL01$h1854
=CAT  \\$a12842$b40$c20131002$lBLL01$h1716
=CAT  \\$a7416$b40$c20140922$lBLL01$h1412
=CAT  \\$aW1606-1727$c20160825$lBLL01$h1742
=CAT  \\$a14185$b40$c20221218$lBLL01$h1908
=CAT  \\$a14185$b40$c20221219$lBLL01$h0928
=CAT  \\$aW2302-0174$c20230223$lBLL01$h1959
=FIN  \\$aY$d20120730
=FMT  \\$a  MP
=LAS  \\$aW2302-0174$b00$c20230223$lBLL01$h1959

