=LDR  02491cem a2200517 a 4500
=001  016134414
=003  Uk
=005  20230223161626.0
=007  aj\aanzn
=008  120730s1853\\\\enk||||||\a\\\\\0\\\eng|\
=034  1\$aa$b19500
=040  \\$aUk$beng$cUk$dUk
=042  \\$aukblsr
=082  04$a912.421$223
=100  1\$aDavies, Benjamin Rees.
=245  10$aLondon. :$bDrawn & engraved from the authentic documents & personal observation /$cby B. R. Davies, 16 George Street, Euston Square.
=255  \\$aScale [ca. 1:19,500].
=260  \\$aLondon :$bGeorge Cox,$cJany 1st 1853.
=300  \\$a1 map ;$c39 x 66 cm
=336  \\$acartographic image$2rdacontent
=337  \\$aunmediated$2rdamedia
=338  \\$asheet$2rdacarrier
=500  \\$aFirst published in 1743, issued separately and in a book Maps of the Society for the Diffusion of Useful Knowledge.
=500  \\$aState not mentioned by Howgego, with imprint of George Cox.
=500  \\$aPositions of Lambeth Bridge and Thames Tunnel indicated by pecked line. Battersea Park shown.
=510  4\$aCrace, John Gregory, A catalogue of maps, plans and views of London, Westminster and Southwark collected and arranged by Frederick Crace (1878),$cno. 270, p. 43
=510  4\$aHowgego, James. Printed maps of London,$bcirca 1553-1850,$cno. 385 (2b), pp. 265-266
=510  4\$aFrench, Josephine. Tooley's dictionary of mapmakers A-D (1999),$cp. 309; p. 338
=510  4\$aWorms, Laurence, Baynton-Williams, Ashley. British map engravers: a dictionary of engravers, lithographers and their principal employers,$bto 1850,$cpp. 186-187
=651  \0$aLondon (England)$vMaps.
=655  \7$aMaps.$2fast$0(OCoLC)fst01423704
=700  1\$aCrace, Frederick,$d1779-1859,$eformer owner.
=700  1\$aCrace, John Gregory,$d1809-1889,$edonor.
=852  41$aBritish Library$bMAPS$jMaps Crace Port. 7.270
=856  41$3Copy at Maps Crace Port. 7.270$uhttp://www.bl.uk/onlinegallery/onlineex/crace/l/007000000000007u00270000.html$yDigitised map
=985  \\$aRecord amended for WR1606-1727
=985  \\$aUpdated by MS generated file for WR2302-017
=CAT  \\$a12842$b40$c20120730$lBLL01$h1729
=CAT  \\$a12842$b40$c20120731$lBLL01$h1459
=CAT  \\$aWR13.117$c20130718$lBLL01$h1854
=CAT  \\$a12842$b40$c20131002$lBLL01$h1719
=CAT  \\$aW1606-1727$c20160825$lBLL01$h1742
=CAT  \\$aW2302-0174$c20230223$lBLL01$h1959
=FIN  \\$aY$d20120730
=FMT  \\$a  MP
=LAS  \\$aW2302-0174$b00$c20230223$lBLL01$h1959

