=LDR  02942cem a2200565 a 4500
=001  016134799
=003  Uk
=005  20230223161626.0
=007  aj\aanzn
=008  120731s1859\\\\enk||||||\a\\\\\0\\\eng|\
=034  1\$aa$b21500$dW0014455$eE0000138$fN0513427$gN0512640$2bound
=040  \\$aUk$beng$cUk$dUk
=042  \\$aukblsr
=082  04$a912.421$223
=110  1\$aKelly & Co.
=245  10$aLondon. :$bDrawn and engraved expressly for the Post Office Directory 1859 /$cby B. R. Davies, 16 George Street, Euston Squ.
=255  \\$aScale approximately 1:21,500$c(W 1°44'55"--E 0°1'38"/N 51°34'27"--N 51°26'40").
=260  \\$a[London] :$bKelly & Co. Post Office Directory, 18 to 22 Old Boswell Court, St. Clement's, Strand, W. C. Transferred & printed from stone, by C. F. Cheffins & Sons, 11 Southampton Buildgs, Holborn,$c1859.
=300  \\$a1 map ;$c68 x 91 cm
=336  \\$acartographic image$2rdacontent
=337  \\$aunmediated$2rdamedia
=338  \\$asheet$2rdacarrier
=500  \\$aAppeared regularly in the Post Office London directory from 1859 to 1890, also issued as a folding map with the postal districts boundaries coloured.
=500  \\$aCircle 4 miles radius based on Charing Cross.
=500  \\$aExplanation of boundary symbols below map.
=510  4\$aCrace, John Gregory, A catalogue of maps, plans and views of London, Westminster and Southwark collected and arranged by Frederick Crace (1878),$cno. 272, p. 43
=510  4\$aHyde, Ralph. Printed maps of Victorian London,$b1851-1900,$cno. 61 (1), pp. 96-97
=510  4\$aFrench, Josephine. Tooley's dictionary of mapmakers A-D (1999),$cp. 338
=510  4\$aScott, Valerie. Tooley's dictionary of mapmakers K-P (2003),$cpp. 14-15
=510  4\$aWorms, Laurence, Baynton-Williams, Ashley. British map engravers: a dictionary of engravers, lithographers and their principal employers,$bto 1850,$cpp. 186-187
=651  \0$aLondon (England)$vMaps.
=655  \7$aMaps.$2fast$0(OCoLC)fst01423704
=700  1\$aCrace, Frederick,$d1779-1859,$eformer owner.
=700  1\$aCrace, John Gregory,$d1809-1889,$edonor.
=700  1\$aDavies, Benjamin Rees.
=852  41$aBritish Library$bMAPS$jMaps Crace Port. 7.272
=856  41$3Copy at Maps Crace Port. 7.272$uhttp://www.bl.uk/onlinegallery/onlineex/crace/l/007000000000007u00272000.html$yDigitised map
=985  \\$aUpgraded from georeferencer data 2022-12-16.
=985  \\$aRecord amended for WR1606-1727
=985  \\$aUpdated by MS generated file for WR2302-017
=CAT  \\$a12842$b40$c20120731$lBLL01$h1221
=CAT  \\$a12842$b40$c20120731$lBLL01$h1222
=CAT  \\$aWR13.117$c20130718$lBLL01$h1854
=CAT  \\$a12842$b40$c20131002$lBLL01$h1724
=CAT  \\$aW1606-1727$c20160825$lBLL01$h1742
=CAT  \\$a14185$b40$c20221218$lBLL01$h1854
=CAT  \\$aW2302-0174$c20230223$lBLL01$h1959
=FIN  \\$aY$d20120731
=FMT  \\$a  MP
=LAS  \\$aW2302-0174$b00$c20230223$lBLL01$h1959

