=LDR  03339cem a2200673 a 4500
=001  016134989
=003  Uk
=005  20230223161626.0
=007  aj\aanzn
=008  120731q1720\\\\enk||||||\a\\\\\1\\\eng|\
=034  1\$aa$b2550$dW0015359$eW0015422$fN0513118$gN0513052$2bound
=040  \\$aUk$beng$cUk$dUk
=042  \\$aukblsr
=082  04$a912.4212$223
=100  1\$aBlome, Richard,$d-1705.
=245  10$aAldersgate ward and St. Martins le Grand Liberty :$btaken from the last survey, with corrections.
=255  \\$aScale approximately 1:2,550$c(W 1°53'59"--W 1°54'22"/N 51°31'18"--N 51°30'52").
=260  \\$a[London :$bJ. Strype,$c1720]
=300  \\$a1 map ;$c31 x 15 cm
=336  \\$acartographic image$2rdacontent
=337  \\$aunmediated$2rdamedia
=338  \\$asheet$2rdacarrier
=500  \\$aFrom J. Strype's edition of J. Stow's Survey of the Cities of London and Westminster and borough of Southwark ..., published in 1720.
=500  \\$aImprint from Ward maps of the city of London, R. Hyde.
=500  \\$aTop right corner: V1, B3, P95.
=500  \\$aIncludes table of reference, left portion of plate.
=500  \\$aProminent buildings shown pictorially.
=510  4\$aCrace, John Gregory, A catalogue of maps, plans and views of London, Westminster and Southwark collected and arranged by Frederick Crace (1878),$cno. 1, p. 44
=510  4\$aHyde, Ralph. Ward maps of the city of London,$cno. 1 (1), p. 32
=510  4\$aFrench, Josephine. Tooley's dictionary of mapmakers A-D (1999),$cp. 151
=520  \\$aThis plan is taken from Strype's first annotated edition of Stow's 'Survey of England'. The plan's title features in banner at top left, with scale bar at bottom left. The key to streets, yards, halls, courts and private properties appears down the left side of the plate and at top right.
=651  \0$aAldersgate (London, England)$vMaps$vEarly works to 1800.
=651  \0$aLondon (England)$vMaps$vEarly works to 1800.
=655  \7$aEarly maps.$2fast$0(OCoLC)fst01752681
=700  1\$aCrace, Frederick,$d1779-1859,$eformer owner.
=700  1\$aCrace, John Gregory,$d1809-1889,$edonor.
=852  41$aBritish Library$bMAPS$jMaps Crace Port. 8.1.(1.)
=856  41$3Copy at Maps Crace Port. 8.1.(1.)$uhttp://www.bl.uk/onlinegallery/onlineex/crace/a/007zzz000000008u000010a0.html$yDigitised map
=985  \\$aUpgraded from BL georeferencer data 2022-11-17.
=985  \\$aRecord amended for WR# 13/070
=985  \\$aRecord amended for WR1606-1727
=985  \\$aUpdated by MS generated file for WR2302-017
=CAT  \\$a12842$b40$c20120731$lBLL01$h1605
=CAT  \\$a12842$b40$c20120731$lBLL01$h1729
=CAT  \\$a12842$b40$c20120801$lBLL01$h1219
=CAT  \\$a12842$b40$c20120802$lBLL01$h1538
=CAT  \\$aWR13_070$b00$c20130504$lBLL01$h0339
=CAT  \\$aWR13.117$c20130718$lBLL01$h1854
=CAT  \\$a12842$b40$c20131002$lBLL01$h1734
=CAT  \\$a12842$b40$c20131003$lBLL01$h0919
=CAT  \\$a12842$b40$c20131003$lBLL01$h0936
=CAT  \\$a12842$b40$c20131003$lBLL01$h0951
=CAT  \\$aW1606-1727$c20160825$lBLL01$h1743
=CAT  \\$a14185$b40$c20221201$lBLL01$h1158
=CAT  \\$a14185$b40$c20221202$lBLL01$h1332
=CAT  \\$aW2302-0174$c20230223$lBLL01$h1959
=FIN  \\$aY$d20120731
=FMT  \\$a  MP
=LAS  \\$aW2302-0174$b00$c20230223$lBLL01$h1959

