=LDR  03912cem a2200733 a 4500
=001  016136619
=003  Uk
=005  20230223161627.0
=007  aj\aanzn
=008  120731s1739\\\\enk||||||\a\\\\\0\\\eng|\
=034  1\$aa$b1510$dW0015357$eW0015422$fN0513117$gN0513053$2bound
=040  \\$aUk$beng$cUk$dUk
=042  \\$aukblsr
=082  04$a912.4212$223
=100  1\$aIlive, Jacob,$d1705-1763.
=245  12$aA plan of ward of Aldersgate /$cI. Ilive invt. ; R. W. Seale sculp.
=255  \\$aScale approximately 1:1,510$c(W 1°53'57"--W 1°54'22"/N 51°31'17"--N 51°30'53").
=260  \\$a[London],$c1739-40.
=300  \\$a1 map ;$c30 x 57 cm
=336  \\$acartographic image$2rdacontent
=337  \\$aunmediated$2rdamedia
=338  \\$asheet$2rdacarrier
=500  \\$aContains dedication from the printer to Richard Levell, the Alderman for Aldersgate Ward, 1722-40.
=500  \\$aIncludes 4 insets: views of St Botolph Aldersgate, the north and south side of Aldersgate and St Anne & Agnes Church.
=500  \\$aPanel with text describing the ward below map.
=500  \\$aBoundaries of precincts indicated; prominent buildings shown pictorially.
=500  \\$aOriented with east to the top.
=510  4\$aCrace, John Gregory, A catalogue of maps, plans and views of London, Westminster and Southwark collected and arranged by Frederick Crace (1878),$cno. 2, p. 44
=510  4\$aHyde, Ralph. Ward maps of the city of London,$cno. 2, p. 32
=510  4\$aFrench, Josephine. Tooley's dictionary of mapmakers E-J (2001),$cp. 406
=510  4\$aScott, Valerie. Tooley's dictionary of mapmakers Q-Z (2004),$cp. 139
=510  4\$aWorms, Laurence, Baynton-Williams, Ashley. British map engravers: a dictionary of engravers, lithographers and their principal employers,$bto 1850,$cpp. 593-594
=520  \\$aThe title of this plan appears along the top, with the scale bar, compass star and dedication to the ward Alderman Richard Levell at bottom centre. The plan also features views of Sts Anne Agnes Church, at bottom right, and St Botolph's Church. Views of the north and south side of the Alder's Gate are depicted at bottom left and top right. A descriptive note is in a panel below the plan.
=585  \\$aCopy at Maps Crace Port. 8.2. Exhibited: 'Picturing Places' (online), 20 April 2017-.$5Uk
=651  \0$aLondon (England)$vMaps$vEarly works to 1800.
=651  \0$aAldersgate (London, England)$vMaps$vEarly works to 1800.
=655  \7$aEarly maps.$2fast$0(OCoLC)fst01752681
=700  1\$aCrace, Frederick,$d1779-1859,$eformer owner.
=700  1\$aCrace, John Gregory,$d1809-1889,$edonor.
=700  1\$aSeale, Richard William,$eengraver.
=852  41$aBritish Library$bMAPS$jMaps Crace Port. 8.2
=856  41$3Copy at Maps Crace Port. 8.2$uhttp://www.bl.uk/onlinegallery/onlineex/crace/a/007zzz000000008u00002000.html$yDigitised map
=985  \\$aUpgraded from BL georeferencer data 2022-11-17.
=985  \\$aRecord amended for WR1606-1727
=985  \\$aUpdated by MS generated file for WR2302-017
=CAT  \\$a12842$b40$c20120731$lBLL01$h1814
=CAT  \\$a12842$b40$c20120731$lBLL01$h1825
=CAT  \\$a12842$b40$c20120731$lBLL01$h1826
=CAT  \\$a12842$b40$c20120801$lBLL01$h1116
=CAT  \\$a12842$b40$c20120801$lBLL01$h1221
=CAT  \\$aWR13.117$c20130718$lBLL01$h1854
=CAT  \\$a12842$b40$c20131003$lBLL01$h0953
=CAT  \\$a12842$b40$c20150304$lBLL01$h1428
=CAT  \\$a5194$b40$c20160212$lBLL01$h0918
=CAT  \\$a5194$b40$c20160212$lBLL01$h0919
=CAT  \\$aW1606-1727$c20160825$lBLL01$h1743
=CAT  \\$a8250$b40$c20190531$lBLL01$h1059
=CAT  \\$a14185$b40$c20221026$lBLL01$h1437
=CAT  \\$a14185$b40$c20221201$lBLL01$h1158
=CAT  \\$a14185$b40$c20221202$lBLL01$h1333
=CAT  \\$aW2302-0174$c20230223$lBLL01$h1959
=FIN  \\$aY$d20120731
=FMT  \\$a  MP
=LAS  \\$aW2302-0174$b00$c20230223$lBLL01$h1959

