=LDR  03409cem a2200625 a 4500
=001  016136716
=003  Uk
=005  20230223161627.0
=007  aj\aanzn
=008  120801q1756\\\\enk||||||\a\\\\\0\\\eng|\
=034  1\$aa$dW0015356$eW0015423$fN0513118$gN0513052$2bound
=040  \\$aUk$beng$cUk$dUk
=042  \\$aukblsr
=082  04$a912.4212$223
=245  00$aAldersgate ward :$bwith its divisions into precincts and parishes. And the liberty of St. Martins le Grand, according to a new survey /$cB. Cole sculp.
=255  \\$aScale not given$c(W 1°53'56"--W 1°54'23"/N 51°31'18"--N 51°30'52").
=260  \\$a[London,$c1756]
=300  \\$a1 map ;$c24 x 38 cm
=336  \\$acartographic image$2rdacontent
=337  \\$aunmediated$2rdamedia
=338  \\$asheet$2rdacarrier
=500  \\$aContains dedication to William Benn, the Alderman for Aldersgate Ward, 1740-55.
=500  \\$aPublished in History of London by William Maitland, 1756, vol. 2.
=500  \\$aIncludes 2 insets: views of St. Anne & Agnes Church bottom left and St. Botolph Church bottom right.
=500  \\$aProminent buildings shown pictorially.
=510  4\$aCrace, John Gregory, A catalogue of maps, plans and views of London, Westminster and Southwark collected and arranged by Frederick Crace (1878),$cno. 3, p. 44
=510  4\$aHyde, Ralph. Ward maps of the city of London,$cno. 3, p. 32
=520  \\$aThis plan was published in William Maitlan's 'History of London from its Foundation to the Present Time'. The plan's title features in cartouche at top left, with the arms of the Alderman William Benn, to whom the plan is dedicated, at top right. A view of St Anne Agnes' Church is included at bottom left, with compass star and scale bar at bottom centre, and a view of St Botolph's church at bottom right. Maitland's ward plans were largely derived from Strype's plans, with the illustrations copied from West Tow's 1736 'Prospect Views of Ancient Churches'.
=651  \0$aLondon (England)$vMaps$vEarly works to 1800.
=651  \0$aCity of London (England)$vMaps$vEarly works to 1800.
=655  \7$aEarly maps.$2fast$0(OCoLC)fst01752681
=700  1\$aCrace, Frederick,$d1779-1859,$eformer owner.
=700  1\$aCrace, John Gregory,$d1809-1889,$edonor.
=700  1\$aCole, Benjamin,$d1696 or 1697-1783,$eengraver.
=700  1\$aMaitland, William,$d1693?-1757.
=852  41$aBritish Library$bMAPS$jMaps Crace Port. 8.3
=856  41$3Copy at Maps Crace Port. 8.3$uhttp://www.bl.uk/onlinegallery/onlineex/crace/a/007zzz000000008u00003000.html$yDigitised map
=985  \\$aUpgraded from BL georeferencer data 2022-11-17.
=985  \\$aRecord amended for WR1606-1727
=985  \\$aUpdated by MS generated file for WR2302-017
=CAT  \\$a12842$b40$c20120801$lBLL01$h1041
=CAT  \\$a12842$b40$c20120801$lBLL01$h1046
=CAT  \\$a12842$b40$c20120801$lBLL01$h1222
=CAT  \\$a12842$b40$c20130617$lBLL01$h1553
=CAT  \\$a12842$b40$c20130703$lBLL01$h1357
=CAT  \\$aWR13.117$c20130718$lBLL01$h1854
=CAT  \\$a5100$b40$c20130926$lBLL01$h0939
=CAT  \\$aW1606-1727$c20160825$lBLL01$h1742
=CAT  \\$a14185$b40$c20221026$lBLL01$h1437
=CAT  \\$a14185$b40$c20221201$lBLL01$h1159
=CAT  \\$a14185$b40$c20221202$lBLL01$h1333
=CAT  \\$aW2302-0174$c20230223$lBLL01$h1959
=FIN  \\$aY$d20120801
=FMT  \\$a  MP
=LAS  \\$aW2302-0174$b00$c20230223$lBLL01$h1959

