=LDR  03400cem a2200637 a 4500
=001  016136740
=003  Uk
=005  20230223161627.0
=007  aj\aanzn
=008  120801q1720\\\\enk||||||\a\\\\\0\\\eng|\
=034  1\$aa$b3050$dW0015458$eW0015531$fN0513101$gN0513032$2bound
=040  \\$aUk$beng$cUk$dUk
=042  \\$aukblsr
=082  04$a912.4212$223
=100  1\$aBlome, Richard,$d-1705.
=245  10$aAldgate ward with its division into parishes. :$bTaken from the last survey, with corrections & additions.
=255  \\$aScale approximately 1:3,050$c(W 1°54'58"--W 1°55'31"/N 51°31'01"--N 51°30'32").
=260  \\$a[London,$c1720]
=300  \\$a1 map ;$c31 x 18 cm
=336  \\$acartographic image$2rdacontent
=337  \\$aunmediated$2rdamedia
=338  \\$asheet$2rdacarrier
=500  \\$aFrom J. Strype's edition of J. Stow's Survey of the Cities of London and Westminster and borough of Southwark ..., published in 1720.
=500  \\$aImprint from Ward maps of the city of London, R. Hyde.
=500  \\$aBelow title Blome's details, though burnished out, still partly visible. Top right corner: V1, B2, P55.
=500  \\$aIncludes table of reference, upper centre.
=500  \\$aProminent buildings shown pictorially.
=510  4\$aCrace, John Gregory, A catalogue of maps, plans and views of London, Westminster and Southwark collected and arranged by Frederick Crace (1878),$cno. 4, p. 44
=510  4\$aHyde, Ralph. Ward maps of the city of London,$cno. 10 (1), p. 34
=510  4\$aFrench, Josephine. Tooley's dictionary of mapmakers A-D (1999),$cp. 151
=510  4\$aWorms, Laurence, Baynton-Williams, Ashley. British map engravers: a dictionary of engravers, lithographers and their principal employers,$bto 1850,$cpp. 90-91
=520  \\$aThis map was published in Strype's first annotated edition of Stow's 'Survey of England'. The map's title features in ornamental cartouche at top left, with key to streets, yards, halls, courts and private properties in a table at top centre. The compass star appears at bottom left and scale bar at bottom right.
=651  \0$aAldgate (London, England)$vMaps$vEarly works to 1800.
=651  \0$aLondon (England)$vMaps$vEarly works to 1800.
=655  \7$aEarly maps.$2fast$0(OCoLC)fst01752681
=700  1\$aCrace, Frederick,$d1779-1859,$eformer owner.
=700  1\$aCrace, John Gregory,$d1809-1889,$edonor.
=852  41$aBritish Library$bMAPS$jMaps Crace Port. 8.4.(1.)
=856  41$3Copy at Maps Crace Port. 8.4.(1.)$uhttp://www.bl.uk/onlinegallery/onlineex/crace/a/007zzz000000008u000040a0.html$yDigitised map
=985  \\$aUpgraded from BL georeferencer data 2022-11-17.
=985  \\$aRecord amended for WR# 13/070
=985  \\$aRecord amended for WR1606-1727
=985  \\$aUpdated by MS generated file for WR2302-017
=CAT  \\$a12842$b40$c20120801$lBLL01$h1109
=CAT  \\$a12842$b40$c20120801$lBLL01$h1218
=CAT  \\$a12842$b40$c20120802$lBLL01$h1518
=CAT  \\$aWR13_070$b00$c20130504$lBLL01$h0339
=CAT  \\$aWR13.117$c20130718$lBLL01$h1854
=CAT  \\$a12842$b40$c20131003$lBLL01$h0959
=CAT  \\$aW1606-1727$c20160825$lBLL01$h1743
=CAT  \\$a14185$b40$c20221201$lBLL01$h1159
=CAT  \\$a14185$b40$c20221202$lBLL01$h1334
=CAT  \\$aW2302-0174$c20230223$lBLL01$h1959
=FIN  \\$aY$d20120801
=FMT  \\$a  MP
=LAS  \\$aW2302-0174$b00$c20230223$lBLL01$h1959

