=LDR  03431cem a2200589 a 4500
=001  016136806
=003  Uk
=005  20230223161627.0
=007  aj\aanzn
=008  120801q1756\\\\enk||||||\a\\\\\0\\\eng|\
=034  1\$aa$b1980$dW0015501$eW0015527$fN0513057$gN0513034$2bound
=040  \\$aUk$beng$cUk$dUk
=042  \\$aukblsr
=082  04$a912.421$223
=100  1\$aCole, Benjamin,$d1697?-1783.
=245  10$aAldgate ward with its divisions into precincts & parishes :$baccording to a new survey /$cB. Cole sculp.
=255  \\$aScale approximately 1:1980$c(W 1°55'01"--W 1°55'27"/N 51°30'57"--N 51°30'34").
=260  \\$a[London,$c1756]
=300  \\$a1 map ;$c23 x 36 cm
=336  \\$acartographic image$2rdacontent
=337  \\$aunmediated$2rdamedia
=338  \\$asheet$2rdacarrier
=500  \\$aContains dedication to Robert Scott, the Alderman for Aldgate Ward, 1752-60.
=500  \\$aPublished in History of London by W. Maitland, 1756, vol. 2.
=500  \\$aDate in imprint taken from Ward maps of the city of London, R. Hyde.
=500  \\$aIncludes 2 insets: views of St. James's Dukes Palace bottom left and St. Catherine Coleman bottom right.
=500  \\$aProminent buildings shown pictorially.
=510  4\$aCrace, John Gregory, A catalogue of maps, plans and views of London, Westminster and Southwark collected and arranged by Frederick Crace (1878),$cno. 5, p. 44
=510  4\$aHyde, Ralph. Ward maps of the city of London,$cno. 12 (2), p. 34
=510  4\$aWorms, Laurence, Baynton-Williams, Ashley. British map engravers: a dictionary of engravers, lithographers and their principal employers,$bto 1850,$cp. 153
=520  \\$aThis plan was published in William Maitland's 'History of London from its Foundation to the Present Time'. The plan's title features in cartouche at top left, with the arms of Alderman Robert Scott, to whom the plan is dedicated, at top right. The compass star is included at middle left, with a view of St James' Duke Place at bottom right. The scale bar is at bottom centre with a view of the Church of St Catherine Coleman at bottom right. Engraved by Cole, Maitland's ward plans were largely derived from Strype's plans, with the illustrations copied from West : Tow's 1736 'Prospect Views of Ancient Churches'.
=651  \0$aAldgate (London, England)$vMaps$vEarly works to 1800.
=651  \0$aLondon (England)$vMaps$vEarly works to 1800.
=655  \7$aEarly maps.$2fast$0(OCoLC)fst01752681
=700  1\$aCrace, Frederick,$d1779-1859,$eformer owner.
=700  1\$aCrace, John Gregory,$d1809-1889,$edonor.
=852  41$aBritish Library$bMAPS$jMaps Crace Port. 8.5
=856  41$3Copy at Maps Crace Port. 8.5$uhttp://www.bl.uk/onlinegallery/onlineex/crace/a/007zzz000000008u00005000.html$yDigitised map
=985  \\$aUpgraded from BL georeferencer data 2022-11-17.
=985  \\$aRecord amended for WR1606-1727
=985  \\$aUpdated by MS generated file for WR2302-017
=CAT  \\$a12842$b40$c20120801$lBLL01$h1316
=CAT  \\$aWR13.117$c20130718$lBLL01$h1854
=CAT  \\$a12842$b40$c20131003$lBLL01$h1003
=CAT  \\$aW1606-1727$c20160825$lBLL01$h1742
=CAT  \\$a14185$b40$c20221026$lBLL01$h1437
=CAT  \\$a14185$b40$c20221201$lBLL01$h1201
=CAT  \\$a14185$b40$c20221202$lBLL01$h1335
=CAT  \\$aW2302-0174$c20230223$lBLL01$h1959
=FIN  \\$aY$d20120801
=FMT  \\$a  MP
=LAS  \\$aW2302-0174$b00$c20230223$lBLL01$h1959

