=LDR  03604cem a2200589 a 4500
=001  016136946
=003  Uk
=005  20230223161627.0
=007  aj\aanzn
=008  120801q1756\\\\enk||||||\a\\\\\0\\\eng|\
=034  1\$aa$b1830$dW0015438$eW0015506$fN0513048$gN0513026$2bound
=040  \\$aUk$beng$cUk$dUk
=042  \\$aukblsr
=082  04$a912.421$223
=100  1\$aCole, Benjamin,$d1697?-1783.
=245  10$aBillinsgate [sic] ward and Bridge ward within with their division into parishes :$baccording to a new survey /$cB. Cole sculp.
=255  \\$aScale approximately 1:1,830$c(W 1°54'38"--W 1°55'06"/N 51°30'48"--N 51°30'26").
=260  \\$a[London,$c1756]
=300  \\$a1 map ;$c24 x 37 cm
=336  \\$acartographic image$2rdacontent
=337  \\$aunmediated$2rdamedia
=338  \\$asheet$2rdacarrier
=500  \\$aContains dedication to William Beckford, Alderman for Billingsgate Ward, 1752-70 and Sir William Stephenson, Alderman for Bridge Ward Within, 1754-74; with their coat of arm, left portion of plate.
=500  \\$aPublished in History of London by W. Maitland, 1756, vol. 2.
=500  \\$aDate taken from Ward maps of the city of London by R. Hyde.
=500  \\$aIncludes 2 views: of St Mary at Hill near Billingsgate and St George Botoloph Lane (incorrectly labelled St Botoloph in Botoloph Lane).
=500  \\$aProminent buildings shown pictorially.
=510  4\$aCrace, John Gregory, A catalogue of maps, plans and views of London, Westminster and Southwark collected and arranged by Frederick Crace (1878),$cno. 7, p. 44
=510  4\$aHyde, Ralph. Ward maps of the city of London,$cno. 19, p. 38
=510  4\$aWorms, Laurence, Baynton-Williams, Ashley. British map engravers: a dictionary of engravers, lithographers and their principal employers,$bto 1850,$cp. 153
=520  \\$aThis plan was published in William Maitland's 'History of London from its Foundation to the Present Time'. The plan's title features in cartouche at bottom left, with the arms of William Beckford, Alderman of Billinsgate, and William Stephenson, Aldermen of Bridge Ward, down the left side of the plate. The compass star and scale bar are at top centre. At top left and bottom right are illustrated views of the churches of St Mary and St. Botolph. Engraved by Cole, Maitand's ward plans were largely derived from Strype's plans, with the illustrations copied from West Tow's 'Prospect Views of Ancient Churches' of 1736.
=651  \0$aBillingsgate (London, England)$vMaps$vEarly works to 1800.
=651  \0$aLondon (England)$vMaps$vEarly works to 1800.
=655  \7$aEarly maps.$2fast$0(OCoLC)fst01752681
=700  1\$aCrace, Frederick,$d1779-1859,$eformer owner.
=700  1\$aCrace, John Gregory,$d1809-1889,$edonor.
=852  41$aBritish Library$bMAPS$jMaps Crace Port. 8.7
=856  41$3Copy at Maps Crace Port. 8.7$uhttp://www.bl.uk/onlinegallery/onlineex/crace/b/007zzz000000008u00007000.html$yDigitised map
=985  \\$aUpgraded from BL georeferencer data 2022-11-17.
=985  \\$aRecord amended for WR1606-1727
=985  \\$aUpdated by MS generated file for WR2302-017
=CAT  \\$a12842$b40$c20120801$lBLL01$h1505
=CAT  \\$aWR13.117$c20130718$lBLL01$h1854
=CAT  \\$a12842$b40$c20131003$lBLL01$h1012
=CAT  \\$aW1606-1727$c20160825$lBLL01$h1742
=CAT  \\$a14185$b40$c20221026$lBLL01$h1438
=CAT  \\$a14185$b40$c20221201$lBLL01$h1201
=CAT  \\$a14185$b40$c20221202$lBLL01$h1336
=CAT  \\$aW2302-0174$c20230223$lBLL01$h1959
=FIN  \\$aY$d20120801
=FMT  \\$a  MP
=LAS  \\$aW2302-0174$b00$c20230223$lBLL01$h1959

