=LDR  03414cem a2200589 a 4500
=001  016139853
=003  Uk
=005  20230223161627.0
=007  aj\aanzn
=008  120802q1756\\\\enk||||||\a\\\\\0\\\eng|\
=034  1\$aa$b3200$dW0015448$eW0015527$fN0513117$gN0513040$2bound
=040  \\$aUk$beng$cUk$dUk
=042  \\$aukblsr
=082  04$a912.421$223
=100  1\$aCole, Benjamin,$d1697?-1783.
=245  10$aBishops-gate ward within and without :$baccording to a new survey /$cB. Cole sculp.
=255  \\$aScale approximately 1:3,200$c(W 1°54'48"--W 1°55'27"/N 51°31'17"--N 51°30'40").
=260  \\$a[London,$c1756]
=300  \\$a1 map ;$c23 x 37 cm
=336  \\$acartographic image$2rdacontent
=337  \\$aunmediated$2rdamedia
=338  \\$asheet$2rdacarrier
=500  \\$aContains dedication to Matthew Blakiston, the Alderman for Bishopsgate, 1750-69; with his coat of arms top left.
=500  \\$aPublished in History of London by W. Maitland, 1756, vol. 2.
=500  \\$aDate taken from Ward maps of the city of London by R. Hyde.
=500  \\$aIncludes 2 insets: views of St. Ethelburga bottom left and St. Helen Bishopsgate bottom right.
=500  \\$aProminent buildings shown pictorially.
=510  4\$aCrace, John Gregory, A catalogue of maps, plans and views of London, Westminster and Southwark collected and arranged by Frederick Crace (1878),$cno. 9, p. 45
=510  4\$aHyde, Ralph. Ward maps of the city of London,$cno. 26, p. 40
=510  4\$aWorms, Laurence, Baynton-Williams, Ashley. British map engravers: a dictionary of engravers, lithographers and their principal employers,$bto 1850,$cp. 153
=520  \\$aThis plan was published in William Maitland's 'History of London from its Foundation to the Present Time'. The map's title features in ornamental cartouche near top right, with the arms of dedicatee Mathew Blakiston, the ward's alderman, at top left. An illustrated view of St Ethelburga's church is at bottom left, with Great St Hellen's Church at bottom right. The compass star and scale bar appear at bottom centre. Engraved by Cole, Maitland's ward plans were largely derived from Strype's original plans, with the illustrations copied from West Tow's 'Prospect Views of Ancient Churches' of 1736.
=651  \0$aBishopsgate (London, England)$vMaps$vEarly works to 1800.
=651  \0$aLondon (England)$vMaps$vEarly works to 1800.
=655  \7$aEarly maps.$2fast$0(OCoLC)fst01752681
=700  1\$aCrace, Frederick,$d1779-1859,$eformer owner.
=700  1\$aCrace, John Gregory,$d1809-1889,$edonor.
=852  41$aBritish Library$bMAPS$jMaps Crace Port. 8.9
=856  41$3Copy at Maps Crace Port. 8.9$uhttp://www.bl.uk/onlinegallery/onlineex/crace/b/007zzz000000008u00009000.html$yDigitised map
=985  \\$aUpgraded from BL georeferencer data 2022-11-17.
=985  \\$aRecord amended for WR1606-1727
=985  \\$aUpdated by MS generated file for WR2302-017
=CAT  \\$a12842$b40$c20120802$lBLL01$h1028
=CAT  \\$aWR13.117$c20130718$lBLL01$h1854
=CAT  \\$a12842$b40$c20131003$lBLL01$h1021
=CAT  \\$aW1606-1727$c20160825$lBLL01$h1742
=CAT  \\$a14185$b40$c20221026$lBLL01$h1438
=CAT  \\$a14185$b40$c20221201$lBLL01$h1224
=CAT  \\$a14185$b40$c20221202$lBLL01$h1338
=CAT  \\$aW2302-0174$c20230223$lBLL01$h1959
=FIN  \\$aY$d20120802
=FMT  \\$a  MP
=LAS  \\$aW2302-0174$b00$c20230223$lBLL01$h1959

