=LDR  03845cem a2200625 a 4500
=001  016140209
=003  Uk
=005  20230223161627.0
=007  aj\aanzn
=008  120802q1756\\\\enk||||||\a\\\\\0\\\eng|\
=034  1\$aa$dW0015408$eW0015434$fN0513051$gN0513041$2bound
=040  \\$aUk$beng$cUk$dUk
=042  \\$aukblsr
=082  04$a912.421$223
=100  1\$aCole, Benjamin,$d1697?-1783.
=245  10$aBreadstreet ward and Cordwainers ward with their divisions into parishes :$baccording to a new survey /$cB. Cole sculp.
=255  \\$aScale not given$c(W 1°54'08"--W 1°54'34"/N 51°30'51"--N 51°30'41").
=260  \\$a[London,$c1756]
=300  \\$a1 map ;$c23 x 36 cm
=336  \\$acartographic image$2rdacontent
=337  \\$aunmediated$2rdamedia
=338  \\$asheet$2rdacarrier
=500  \\$aContains dedication to Stephen Theodore Janssen, Alderman for Bread Street Ward, 1748-65 and William Alexander, Alderman for Coldwainer Ward, 1753-62 (details are incorrect, Janssen being given as Alderman for Coldwainer Ward and Alexander as Alderman for Bread Street Ward); with their coats of arms, upper left and right.
=500  \\$aPublished in History of London by W. Maitland, 1756, vol. 2.
=500  \\$aDate taken from Ward maps of the city of London by R. Hyde.
=500  \\$aIncludes 2 views: of St Matthew church in Friday Street and St Mildred church in Bread Street.
=500  \\$aProminent buildings shown pictorially.
=510  4\$aCrace, John Gregory, A catalogue of maps, plans and views of London, Westminster and Southwark collected and arranged by Frederick Crace (1878),$cno. 11, p. 45
=510  4\$aHyde, Ralph. Ward maps of the city of London,$cno. 31, p. 42
=510  4\$aWorms, Laurence, Baynton-Williams, Ashley. British map engravers: a dictionary of engravers, lithographers and their principal employers,$bto 1850,$cp. 153
=520  \\$aThis plan was published in William Maitland's 'History of London from its Foundation to the Present Time'. The plan's title features in cartouche at the foot of the plate with the family arms of the dedicatees Stephen Theodor Janssen (Alderman of Cordwainer ward and Lord Mayor of London) and William Alexander (Alderman of Breadstreet ward) at top left and right, respectively. Views of St Matthew and St. Mildred's parish churches are at bottom left and bottom right. Maitland's ward plans were largely derived from Strype's plans, with the illustrations copied from West & Tow's 'Prospect Views of Ancient Churches' of 1736.
=651  \0$aBread Street (London, England)$vMaps$vEarly works to 1800.
=651  \0$aCordwainers (London, England)$vMaps$vEarly works to 1800.
=651  \0$aLondon (England)$vMaps$vEarly works to 1800.
=655  \7$aEarly maps.$2fast$0(OCoLC)fst01752681
=700  1\$aCrace, Frederick,$d1779-1859,$eformer owner.
=700  1\$aCrace, John Gregory,$d1809-1889,$edonor.
=852  41$aBritish Library$bMAPS$jMaps Crace Port. 8.11
=856  41$3Copy at Maps Crace Port. 8.11$uhttp://www.bl.uk/onlinegallery/onlineex/crace/b/007zzz000000008u00011000.html$yDigitised map
=985  \\$aUpgraded from BL georeferencer data 2022-11-17.
=985  \\$aRecord amended for WR1606-1727
=985  \\$aUpdated by MS generated file for WR2302-017
=CAT  \\$a12842$b40$c20120802$lBLL01$h1602
=CAT  \\$a12842$b40$c20120802$lBLL01$h1632
=CAT  \\$a12842$b40$c20120803$lBLL01$h1546
=CAT  \\$aWR13.117$c20130718$lBLL01$h1854
=CAT  \\$a12842$b40$c20131003$lBLL01$h1028
=CAT  \\$aW1606-1727$c20160825$lBLL01$h1742
=CAT  \\$a14185$b40$c20221026$lBLL01$h1433
=CAT  \\$a14185$b40$c20221201$lBLL01$h1233
=CAT  \\$a14185$b40$c20221202$lBLL01$h1339
=CAT  \\$aW2302-0174$c20230223$lBLL01$h1959
=FIN  \\$aY$d20120802
=FMT  \\$a  MP
=LAS  \\$aW2302-0174$b00$c20230223$lBLL01$h1959

