=LDR  03896cem a2200637 a 4500
=001  016140245
=003  Uk
=005  20230223161627.0
=007  aj\aanzn
=008  120802s1754\\\\enk||||||\a\\\\\0\\\eng|\
=034  1\$aa$b1600$dW0015433$eW0015508$fN0513102$gN0513045$2bound
=040  \\$aUk$beng$cUk$dUk
=042  \\$aukblsr
=082  04$a912.4212$223
=100  1\$aBlome, Richard,$d-1705.
=245  10$aBroad Street Ward with its division into parishes, :$btaken from the last survey with corrections and additions.
=246  11$aCornhill Ward with its divisions into parishes, taken from the last survey, &c.
=255  \\$aScale approximately 1:1,600$c(W 1°54'33"--W 1°55'08"/N 51°31'02"--N 51°30'45").
=260  \\$a[London],$c1754.
=300  \\$a1 map ;$c30 x 38 cm
=336  \\$acartographic image$2rdacontent
=337  \\$aunmediated$2rdamedia
=338  \\$asheet$2rdacarrier
=500  \\$aFrom J. Strype's edition of J. Stow's Survey of the Cities of London and Westminster and borough of Southwark ..., published in 1754-56.
=500  \\$aBelow map: Publish'd according to Act of Parliament 1754 for Stow's Survey, 40.
=500  \\$aIncludes table of reference, left and right centre.
=500  \\$aIndividual buildings shown in plan in the manner of Ogilby and Morgan, from which it is derived. Prominent buildings shown pictorially.
=500  \\$aNumerous alterations have been made including addition of the Mansion House, the Bank of England and South Sea House; the Pay Office has been extended, S. Gresham College shown with a lawn.
=510  4\$aCrace, John Gregory, A catalogue of maps, plans and views of London, Westminster and Southwark collected and arranged by Frederick Crace (1878),$cno. 12, p. 45
=510  4\$aHyde, Ralph. Ward maps of the city of London,$cno. 37 (2), p. 46
=510  4\$aFrench, Josephine. Tooley's dictionary of mapmakers A-D (1999),$cp. 151
=510  4\$aWorms, Laurence, Baynton-Williams, Ashley. British map engravers: a dictionary of engravers, lithographers and their principal employers,$bto 1850,$cpp. 90-91
=520  \\$aThis map is taken from Strype's 1755 annotated edition of Stow's 'Survey of England'. The plan's title features in banner at top left and in cartouche at bottom right. The compass star appears at bottom left, with scale bar at bottom right and the keys to streets, yards, halls, courts and private properties in tables down both sides of the plan. The Royal Exchange and other prominent buildings are shown pictorially. First published in 1720, Strype's ward plans were carefully updated for this edition.
=651  \0$aBroad Street (London, England)$vMaps$vEarly works to 1800.
=651  \0$aCornhill (London, England)$vMaps$vEarly works to 1800.
=651  \0$aLondon (England)$vMaps$vEarly works to 1800.
=655  \7$aEarly maps.$2fast$0(OCoLC)fst01752681
=700  1\$aCrace, Frederick,$d1779-1859,$eformer owner.
=700  1\$aCrace, John Gregory,$d1809-1889,$edonor.
=852  41$aBritish Library$bMAPS$jMaps Crace Port. 8.12.(2.)
=856  41$3Copy at Maps Crace Port. 8.12.(2.)$uhttp://www.bl.uk/onlinegallery/onlineex/crace/b/007zzz000000008u000120b0.html$yDigitised map
=985  \\$aUpgraded from BL georeferencer data 2022-11-17.
=985  \\$aRecord amended for WR# 13/070
=985  \\$aRecord amended for WR1606-1727
=985  \\$aUpdated by MS generated file for WR2302-017
=CAT  \\$a12842$b40$c20120802$lBLL01$h1652
=CAT  \\$aWR13_070$b00$c20130504$lBLL01$h0339
=CAT  \\$aWR13.117$c20130718$lBLL01$h1854
=CAT  \\$a12842$b40$c20131003$lBLL01$h1035
=CAT  \\$aW1606-1727$c20160825$lBLL01$h1742
=CAT  \\$a14185$b40$c20221201$lBLL01$h1225
=CAT  \\$a14185$b40$c20221202$lBLL01$h1341
=CAT  \\$aW2302-0174$c20230223$lBLL01$h1959
=FIN  \\$aY$d20120802
=FMT  \\$a  MP
=LAS  \\$aW2302-0174$b00$c20230223$lBLL01$h1959

