=LDR  03611cem a2200613 a 4500
=001  016140623
=003  Uk
=005  20230223161627.0
=007  aj\aanzn
=008  120803s1755\\\\enk||||||\a\\\\\0\\\eng|\
=034  1\$aa$dW0015434$eW0015509$fN0513102$gN0513044$2bound
=040  \\$aUk$beng$cUk$dUk
=042  \\$aukblsr
=082  04$a912.4212$223
=100  1\$aCole, Benjamin,$d1697?-1783.
=245  10$aBroad Street ward divided into parishes :$baccording to a new survey /$cB. Cole sculp.
=246  11$aCornhill ward divided into parishes according to a new survey
=255  \\$aScale not given$c(W 1°54'34"--W 1°55'09"/N 51°31'02"--N 51°30'44").
=260  \\$a[London],$c1755.
=300  \\$a1 map ;$c36 x 48 cm
=336  \\$acartographic image$2rdacontent
=337  \\$aunmediated$2rdamedia
=338  \\$asheet$2rdacarrier
=500  \\$aContains dedication to Thomas Rawlinson, Alderman for Broad Street Ward, 1746-69, and Francis Cokayne, Alderman for Cornhill Ward, 1744-67; with their coats of arms.
=500  \\$aPublished in History of London by W. Maitland, 1756, vol. 2.
=500  \\$aIncludes 3 views: of St Christopher le Stocks (demolished in 1782-84), St Bartholomew by the Royal Exchange (demolished in 1841) and St Bennet Fink (demolished in 1846).
=500  \\$aProminent buildings shown pictorially.
=510  4\$aCrace, John Gregory, A catalogue of maps, plans and views of London, Westminster and Southwark collected and arranged by Frederick Crace (1878),$cno. 13, p. 45
=510  4\$aHyde, Ralph. Ward maps of the city of London,$cno. 38, p. 46
=510  4\$aWorms, Laurence, Baynton-Williams, Ashley. British map engravers: a dictionary of engravers, lithographers and their principal employers,$bto 1850,$cp. 153
=520  \\$aThis plan was published in William Maitland's 'History of London from its Foundation to the Present Time'. Its title appears on the left side of the plate, along with an illustrated view of the parish church of St Christopher, and the heraldic arms of Francis Cokaine, Alderman of Cornhill ward. Illustrated views of the churches of St Bartholomew and St Bennet Finch appear down the right side of the plate. Maitland's ward plans were largely derived from Strype's, with the illustrations copied from West & Tow's 1736 'Prospect Views of Ancient Churches'.
=651  \0$aBroad Street (London, England)$vMaps$vEarly works to 1800.
=651  \0$aCornhill (London, England)$vMaps$vEarly works to 1800.
=651  \0$aLondon (England)$vMaps$vEarly works to 1800.
=655  \7$aEarly maps.$2fast$0(OCoLC)fst01752681
=700  1\$aCrace, Frederick,$d1779-1859,$eformer owner.
=700  1\$aCrace, John Gregory,$d1809-1889,$edonor.
=852  41$aBritish Library$bMAPS$jMaps Crace Port. 8.13
=856  41$3Copy at Maps Crace Port. 8.13$uhttp://www.bl.uk/onlinegallery/onlineex/crace/b/007zzz000000008u00013000.html$yDigitised map
=985  \\$aUpgraded from BL georeferencer data 2022-11-17.
=985  \\$aRecord amended for WR1606-1727
=985  \\$aUpdated by MS generated file for WR2302-017
=CAT  \\$a12842$b40$c20120803$lBLL01$h1341
=CAT  \\$a12842$b40$c20120803$lBLL01$h1635
=CAT  \\$aWR13.117$c20130718$lBLL01$h1854
=CAT  \\$a12842$b40$c20131003$lBLL01$h1039
=CAT  \\$aW1606-1727$c20160825$lBLL01$h1742
=CAT  \\$a14185$b40$c20221026$lBLL01$h1437
=CAT  \\$a14185$b40$c20221201$lBLL01$h1226
=CAT  \\$a14185$b40$c20221202$lBLL01$h1341
=CAT  \\$aW2302-0174$c20230223$lBLL01$h1959
=FIN  \\$aY$d20120803
=FMT  \\$a  MP
=LAS  \\$aW2302-0174$b00$c20230223$lBLL01$h1959

