=LDR  03528cem a2200601 a 4500
=001  016140789
=003  Uk
=005  20230223161627.0
=007  aj\aanzn
=008  120803s1755\\\\enk||||||\a\\\\\0\\\eng|\
=034  1\$aa$dW0015419$eW0015443$fN0513058$gN0513045$2bound
=040  \\$aUk$beng$cUk$dUk
=042  \\$aukblsr
=082  04$a912.4212$223
=100  1\$aCole, Benjamin,$d1697?-1783.
=245  10$aCheap ward with it's division into parishes :$baccording to a new survey /$cB. Cole sculp.
=255  \\$aScale not given$c(W 1°54'19"--W 1°54'43"/N 51°30'58"--N 51°30'45").
=260  \\$a[London],$c1755.
=300  \\$a1 map ;$c36 x 48 cm
=336  \\$acartographic image$2rdacontent
=337  \\$aunmediated$2rdamedia
=338  \\$asheet$2rdacarrier
=500  \\$aContains dedication to Sir Samuel Fludyer, Alderman for Cheap Ward, 1751-68; his coat of arms at bottom centre.
=500  \\$aPublished in History of London by W. Maitland, 1756, vol. 2.
=500  \\$aIncludes 4 views: of St Guildhall Chapel (demolished in 1822), Grocers' Hall (rebuilt in 1802), St Mildred Poultry (demolished in 1872) and Blackwell Hall (demolished in 1820).
=500  \\$aProminent buildings shown pictorially.
=510  4\$aCrace, John Gregory, A catalogue of maps, plans and views of London, Westminster and Southwark collected and arranged by Frederick Crace (1878),$cno. 15, p. 45
=510  4\$aHyde, Ralph. Ward maps of the city of London,$cno. 53, p. 52
=510  4\$aWorms, Laurence, Baynton-Williams, Ashley. British map engravers: a dictionary of engravers, lithographers and their principal employers,$bto 1850,$cp. 153
=520  \\$aThis plan was published in William Maitland's 'History of London from its Foundation to the Present Time'. The plan's title features in cartouche at middle left, with illustrated views of Guild Hall (top left), St. Mildred's Church (bottom left), Grocers' Hall (top right) and Blacknell Hall (botton right). The compass star appears at middle right, with the heraldic arms of dedicatee Samuel Fludyer (Alderman of the Cheap Ward and a city sheriff) at bottom centre. Maitland's ward plans were largely derived from Strype's plans, with the illustrations copied from West Tow's 1736 'Prospect Views of Ancient Churches'.
=651  \0$aCheap ward (London, England)$vMaps$vEarly works to 1800.
=651  \0$aLondon (England)$vMaps$vEarly works to 1800.
=655  \7$aEarly maps.$2fast$0(OCoLC)fst01752681
=700  1\$aCrace, Frederick,$d1779-1859,$eformer owner.
=700  1\$aCrace, John Gregory,$d1809-1889,$edonor.
=852  41$aBritish Library$bMAPS$jMaps Crace Port. 8.15
=856  41$3Copy at Maps Crace Port. 8.15$uhttp://www.bl.uk/onlinegallery/onlineex/crace/c/007zzz000000008u00015000.html$yDigitised map
=985  \\$aUpgraded from BL georeferencer data 2022-11-17.
=985  \\$aRecord amended for WR1606-1727
=985  \\$aUpdated by MS generated file for WR2302-017
=CAT  \\$a12842$b40$c20120803$lBLL01$h1632
=CAT  \\$a12842$b40$c20120803$lBLL01$h1633
=CAT  \\$a12842$b40$c20120807$lBLL01$h1201
=CAT  \\$aWR13.117$c20130718$lBLL01$h1854
=CAT  \\$a12842$b40$c20131003$lBLL01$h1117
=CAT  \\$aW1606-1727$c20160825$lBLL01$h1742
=CAT  \\$a14185$b40$c20221026$lBLL01$h1437
=CAT  \\$a14185$b40$c20221201$lBLL01$h1226
=CAT  \\$a14185$b40$c20221202$lBLL01$h1342
=CAT  \\$aW2302-0174$c20230223$lBLL01$h1959
=FIN  \\$aY$d20120803
=FMT  \\$a  MP
=LAS  \\$aW2302-0174$b00$c20230223$lBLL01$h1959

