=LDR  02798cem a2200589 a 4500
=001  016142342
=003  Uk
=005  20230223161628.0
=007  aj\aanzn
=008  120807s1754\\\\enk||||||\a\\\\\0\\\eng|\
=034  1\$aa$b2400
=040  \\$aUk$beng$cUk$dUk
=042  \\$aukblsr
=082  04$a912.421$223
=100  1\$aBlome, Richard,$d-1705.
=245  10$aColeman Street ward and Bashishaw [sic] ward :$btaken form the last survey, with corrections and additions.
=255  \\$aScale [ca. 1:2,400].
=260  \\$a[London],$c1754.
=300  \\$a1 map ;$c36 x 29 cm
=336  \\$acartographic image$2rdacontent
=337  \\$aunmediated$2rdamedia
=338  \\$asheet$2rdacarrier
=500  \\$aFrom J. Strype's edition of J. Stow's Survey of the Cities of London and Westminster and borough of Southwark ..., published in 1754-56.
=500  \\$aBelow map: Publish'd according to Act of Parliament 1754 for Stow's Survey, 47.
=500  \\$aThe cartouche at upper left is left blank.
=500  \\$aIncludes table of reference, lower right.
=500  \\$aProminent buildings shown pictorially.
=510  4\$aCrace, John Gregory, A catalogue of maps, plans and views of London, Westminster and Southwark collected and arranged by Frederick Crace (1878),$cno. 17, p. 45
=510  4\$aHyde, Ralph. Ward maps of the city of London,$cno. 57 (2), p. 54
=510  4\$aFrench, Josephine. Tooley's dictionary of mapmakers A-D (1999),$cp. 151
=510  4\$aWorms, Laurence, Baynton-Williams, Ashley. British map engravers: a dictionary of engravers, lithographers and their principal employers,$bto 1850,$cpp. 90-91
=651  \0$aBassishaw ward (London, England)$vMaps$vEarly works to 1800.
=651  \0$aColeman Street ward (London, England)$vMaps$vEarly works to 1800.
=651  \0$aLondon (England)$vMaps$vEarly works to 1800.
=655  \7$aEarly maps.$2fast$0(OCoLC)fst01752681
=700  1\$aCrace, Frederick,$d1779-1859,$eformer owner.
=700  1\$aCrace, John Gregory,$d1809-1889,$edonor.
=852  41$aBritish Library$bMAPS$jMaps Crace Port. 8.17
=856  41$3Copy at Maps Crace Port. 8.17$uhttp://www.bl.uk/onlinegallery/onlineex/crace/c/007zzz000000008u00017000.html$yDigitised map
=985  \\$aRecord amended for WR# 13/070
=985  \\$aRecord amended for WR1606-1727
=985  \\$aUpdated by MS generated file for WR2302-017
=CAT  \\$a12842$b40$c20120807$lBLL01$h1236
=CAT  \\$aWR13_070$b00$c20130504$lBLL01$h0339
=CAT  \\$aWR13.117$c20130718$lBLL01$h1854
=CAT  \\$a12842$b40$c20131003$lBLL01$h1122
=CAT  \\$a12842$b40$c20131003$lBLL01$h1123
=CAT  \\$aW1606-1727$c20160825$lBLL01$h1742
=CAT  \\$aW2302-0174$c20230223$lBLL01$h1959
=FIN  \\$aY$d20120807
=FMT  \\$a  MP
=LAS  \\$aW2302-0174$b00$c20230223$lBLL01$h1959

