=LDR  03553cem a2200601 a 4500
=001  016142478
=003  Uk
=005  20230223161628.0
=007  aj\aanzn
=008  120807s1754\\\\enk||||||\a\\\\\0\\\eng|\
=034  1\$aa$b2110$dW0015426$eW0015458$fN0513109$gN0513048$2bound
=040  \\$aUk$beng$cUk$dUk
=042  \\$aukblsr
=082  04$a912.4212$223
=100  1\$aCole, Benjamin,$d1697?-1783.
=245  14$aThe wards of Coleman Street and Bassishaw :$btaken from the last survey with corrections & amendment /$cB. Cole sculp.
=255  \\$aScale approximately 1:2,110$c(W 1°54'26"--W 1°54'58"/N 51°31'09"--N 51°30'48").
=260  \\$a[London],$c1754.
=300  \\$a1 map ;$c36 x 25 cm
=336  \\$acartographic image$2rdacontent
=337  \\$aunmediated$2rdamedia
=338  \\$asheet$2rdacarrier
=500  \\$aContains dedication to Robert Alsop, Alderman for Coleman Street Ward, 1745-78, and Sir William Baker, Alderman for Bassishaw Ward, 1739-70; upper portion of plate their coats of arms.
=500  \\$aPublished in History of London by W. Maitland, 1756, vol. 2.
=500  \\$aIncludes 2 views: of St Michael Bassishaw (demolished in 1899) and St Stephen Coleman Street (destroyed in 1940).
=500  \\$aProminent buildings shown pictorially.
=510  4\$aCrace, John Gregory, A catalogue of maps, plans and views of London, Westminster and Southwark collected and arranged by Frederick Crace (1878),$cno. 18, p. 46
=510  4\$aHyde, Ralph. Ward maps of the city of London,$cno. 58, p. 54
=510  4\$aWorms, Laurence, Baynton-Williams, Ashley. British map engravers: a dictionary of engravers, lithographers and their principal employers,$bto 1850,$cp. 153
=520  \\$aThis plan was published in William Maitland's 'History of London from its Foundation to the Present Time'. Its title features in cartouche at middle right, with compass star at top left. The suits of arms of the map's dedicatees, ward aldermen Robert Alsop and William Baker, appear at top centre and top right respectively. An illustrated view of St Stephen Coleman's church is included at bottom right. Maitland's ward plans were largely derived from Strype, with the illustrations copied from West & Tow's 1736 'Prospect Views of Ancient Churches'.
=651  \0$aColeman Street ward (London, England)$vMaps$vEarly works to 1800.
=651  \0$aBassishaw ward (London, England)$vMaps$vEarly works to 1800.
=651  \0$aLondon (England)$vMaps$vEarly works to 1800.
=655  \7$aEarly maps.$2fast$0(OCoLC)fst01752681
=700  1\$aCrace, Frederick,$d1779-1859,$eformer owner.
=700  1\$aCrace, John Gregory,$d1809-1889,$edonor.
=852  41$aBritish Library$bMAPS$jMaps Crace Port. 8.18
=856  41$3Copy at Maps Crace Port. 8.18$uhttp://www.bl.uk/onlinegallery/onlineex/crace/t/007zzz000000008u00018000.html$yDigitised map
=985  \\$aUpgraded from BL georeferencer data 2022-11-17.
=985  \\$aRecord amended for WR1606-1727
=985  \\$aUpdated by MS generated file for WR2302-017
=CAT  \\$a12842$b40$c20120807$lBLL01$h1423
=CAT  \\$a12842$b40$c20120807$lBLL01$h1425
=CAT  \\$aWR13.117$c20130718$lBLL01$h1854
=CAT  \\$a12842$b40$c20131003$lBLL01$h1125
=CAT  \\$aW1606-1727$c20160825$lBLL01$h1742
=CAT  \\$a14185$b40$c20221026$lBLL01$h1437
=CAT  \\$a14185$b40$c20221201$lBLL01$h1233
=CAT  \\$a14185$b40$c20221202$lBLL01$h1343
=CAT  \\$aW2302-0174$c20230223$lBLL01$h1959
=FIN  \\$aY$d20120807
=FMT  \\$a  MP
=LAS  \\$aW2302-0174$b00$c20230223$lBLL01$h1959

