=LDR  03443cem a2200637 a 4500
=001  016142551
=003  Uk
=005  20230223161628.0
=007  aj\aanzn
=008  120807s1768\\\\enk||||||\a\\\\\0\\\eng|\
=034  1\$aa$dW0015419$eW0015434$fN0513050$gN0513041$2bound
=040  \\$aUk$beng$cUk$dUk
=042  \\$aukblsr
=082  04$a912.421$223
=100  1\$aKirk, James,$dactive 1761-1791,$eengraver.
=245  13$aAn exact and correct plan of Cordwainers ward, :$btaken by order of Sr. Henry Bankers Knt and Alderman. 1768 /$c[Wm. Chamberlaine Junr. Delint. ; Jas. Kirk sculpt.].
=255  \\$aScale not given$c(W 1°54'19"--W 1°54'34"/N 51°30'50"--N 51°30'41").
=260  \\$a[London],$c1768.
=300  \\$a1 map ;$c47 x 57 cm
=336  \\$acartographic image$2rdacontent
=337  \\$aunmediated$2rdamedia
=338  \\$asheet$2rdacarrier
=500  \\$aCreators' names taken from Ward maps of the city of London by R. Hyde.
=500  \\$aIncludes list of Common Councilmen.
=500  \\$aSupplies street numbers - the first map to do so. The number of houses in each street that are within the ward is supplied after the street name.
=510  4\$aCrace, John Gregory, A catalogue of maps, plans and views of London, Westminster and Southwark collected and arranged by Frederick Crace (1878),$cno. 19, p. 46
=510  4\$aHyde, Ralph. Ward maps of the city of London,$cno. 62, p. 56
=510  4\$aFrench, Josephine. Tooley's dictionary of mapmakers A-D (1999),$cp. 252
=510  4\$aScott, Valerie. Tooley's dictionary of mapmakers K-P (2003),$cp. 35
=510  4\$aWorms, Laurence, Baynton-Williams, Ashley. British map engravers: a dictionary of engravers, lithographers and their principal employers,$bto 1850,$cp. 374
=520  \\$aThe title of this plan appears;at the top, together with the arms of Sir Henry Bankes, the ward alderman who commissioned the plan. Also featured is a list of elected ward members sitting in the Court of Common Council, one of the two governing bodies of the City of London. A key to alleys, yards and courts appears to the right of the plan.
=651  \0$aCordwainers ward (London, England)$vMaps$vEarly works to 1800.
=651  \0$aLondon (England)$vMaps$vEarly works to 1800.
=655  \7$aEarly maps.$2fast$0(OCoLC)fst01752681
=700  1\$aCrace, Frederick,$d1779-1859,$eformer owner.
=700  1\$aCrace, John Gregory,$d1809-1889,$edonor.
=700  1\$aChamberlaine, William,$cJunior.
=852  41$aBritish Library$bMAPS$jMaps Crace Port. 8.19
=856  41$3Copy at Maps Crace Port. 8.19$uhttp://www.bl.uk/onlinegallery/onlineex/crace/a/007zzz000000008u00019000.html$yDigitised map
=985  \\$aUpgraded from BL georeferencer data 2022-11-17.
=985  \\$a100 & 700 NEW
=985  \\$aRecord amended for WR# 13/070
=985  \\$aRecord amended for WR1606-1727
=985  \\$aUpdated by MS generated file for WR2302-017
=CAT  \\$a12842$b40$c20120807$lBLL01$h1544
=CAT  \\$aWR13_070$b00$c20130504$lBLL01$h0339
=CAT  \\$aWR13_070C$c20130611$lBLL01$h1859
=CAT  \\$aWR13.117$c20130718$lBLL01$h1854
=CAT  \\$a12842$b40$c20131003$lBLL01$h1134
=CAT  \\$aW1606-1727$c20160825$lBLL01$h1742
=CAT  \\$a14185$b40$c20221201$lBLL01$h1227
=CAT  \\$a14185$b40$c20221202$lBLL01$h1344
=CAT  \\$aW2302-0174$c20230223$lBLL01$h1959
=FIN  \\$aY$d20120807
=FMT  \\$a  MP
=LAS  \\$aW2302-0174$b00$c20230223$lBLL01$h1959

