=LDR  02821cem a2200577 a 4500
=001  016142567
=003  Uk
=005  20230223161628.0
=007  aj\canzn
=008  120807s1833\\\\enk||||||\a\\\\\0\\\eng|\
=034  1\$aa$dW0015438$eW0015458$fN0513050$gN0513044$2bound
=040  \\$aUk$beng$cUk$dUk
=042  \\$aukblsr
=082  04$a912.421$223
=100  10$aAngell, Samuel,$d1800-1866.
=245  10$aPlan of Cornhill ward :$bsurveyed October 1833 /$cSaml. Angel, Ely Place.
=255  \\$aScale not given$c(W 1°54'38"--W 1°54'58"/N 51°30'50"--N 51°30'44").
=260  \\$a[London] :$bW. Standidge's Lithography, 77 Cornhill,$c1833.
=300  \\$a1 map :$bcol. ;$c34 x 60 cm
=336  \\$acartographic image$2rdacontent
=337  \\$aunmediated$2rdamedia
=338  \\$asheet$2rdacarrier
=500  \\$aIndicates street numbers and in some cases the names of businesses, coffee houses etc.
=500  \\$aSupplies ground plans of the Royal Exchange, St Michael Cornhill and St Peter Cornhill lying within the ward.
=510  4\$aCrace, John Gregory, A catalogue of maps, plans and views of London, Westminster and Southwark collected and arranged by Frederick Crace (1878),$cno. 20, p. 46
=510  4\$aHyde, Ralph. Ward maps of the city of London,$cno. 65, p. 58
=510  4\$aFrench, Josephine. Tooley's dictionary of mapmakers A-D (1999),$cp. 34
=510  4\$aScott, Valerie. Tooley's dictionary of mapmakers Q-Z (2004),$cp. 202
=520  \\$aThis plan's title and imprint appear at bottom left, with scale bar at bottom centre and compass star at bottom left. It shows part of the ground plans of the Royal Exchange, and St Michael's and St Peter's churches.
=651  \0$aCornhill (London, England)$vMaps.
=651  \0$aLondon (England)$vMaps.
=655  \7$aMaps.$2fast$0(OCoLC)fst01423704
=700  1\$aCrace, Frederick,$d1779-1859,$eformer owner.
=700  1\$aCrace, John Gregory,$d1809-1889,$edonor.
=710  2\$aStandidge & Co.
=852  41$aBritish Library$bMAPS$jMaps Crace Port. 8.20
=856  41$3Copy at Maps Crace Port. 8.20$uhttp://www.bl.uk/onlinegallery/onlineex/crace/p/007zzz000000008u00020000.html$yDigitised map
=985  \\$aUpgraded from BL georeferencer data 2022-11-17.
=985  \\$aRecord amended for WR1606-1727
=985  \\$aUpdated by MS generated file for WR2302-017
=CAT  \\$a12842$b40$c20120807$lBLL01$h1628
=CAT  \\$aWR13.117$c20130718$lBLL01$h1854
=CAT  \\$a12842$b40$c20131003$lBLL01$h1136
=CAT  \\$aBATCH-UPD$b40$c20160224$lBLL01$h1705
=CAT  \\$aW1606-1727$c20160825$lBLL01$h1742
=CAT  \\$a14185$b40$c20221201$lBLL01$h1227
=CAT  \\$a14185$b40$c20221202$lBLL01$h1345
=CAT  \\$aW2302-0174$c20230223$lBLL01$h1959
=FIN  \\$aY$d20120807
=FMT  \\$a  MP
=LAS  \\$aW2302-0174$b00$c20230223$lBLL01$h1959

