=LDR  03219cem a2200577 a 4500
=001  016144204
=003  Uk
=005  20230223161628.0
=007  aj\aanzn
=008  120808s1755\\\\enk||||||\a\\\\\0\\\eng|\
=034  1\$aa$dW0015403$eW0015446$fN0513120$gN0513048$2bound
=040  \\$aUk$beng$cUk$dUk
=042  \\$aukblsr
=082  04$a912.4212$223
=100  1\$aCole, Benjamin,$d1697?-1783.
=245  10$aCripplegate ward with its division into parishes :$baccording to a new survey /$cB. Cole sculp.
=255  \\$aScale not given$c(W 1°54'03"--W 1°54'46"/N 51°31'20"--N 51°30'48").
=260  \\$a[London],$c1755.
=300  \\$a1 map ;$c36 x 24 cm
=336  \\$acartographic image$2rdacontent
=337  \\$aunmediated$2rdamedia
=338  \\$asheet$2rdacarrier
=500  \\$aContains dedication to John Blachford, Alderman for Cripplegate Ward, 1743-59; his coat of arms at bottom left corner.
=500  \\$aPublished in History of London by W. Maitland, 1756, vol. 2.
=500  \\$aIncludes view of St Luke's Hospital in Upper Moorfields.
=500  \\$aProminent buildings shown pictorially.
=510  4\$aCrace, John Gregory, A catalogue of maps, plans and views of London, Westminster and Southwark collected and arranged by Frederick Crace (1878),$cno. 22, p. 46
=510  4\$aHyde, Ralph. Ward maps of the city of London,$cno. 68, p. 60
=510  4\$aWorms, Laurence, Baynton-Williams, Ashley. British map engravers: a dictionary of engravers, lithographers and their principal employers,$bto 1850,$cp. 153
=520  \\$aThis plan was published in William Maitland's 'History of London from its Foundation to the Present Time'. The plan's title features in cartouche at bottom right, with the heraldic arms of dedicatee John Blanchford, Alderman of Cripplegate ward, at bottom left. The compass star appears at middle left, with a view of St. Luke's hospital at the top of the plate. Maitland's ward plans were largely derived from Strype's plans, with the illustrations copied from West Tow's 1736 'Prospect Views of Ancient Churches'.
=651  \0$aCripplegate (London, England)$vMaps$vEarly works to 1800.
=651  \0$aLondon (England)$vMaps$vEarly works to 1800.
=655  \7$aEarly maps.$2fast$0(OCoLC)fst01752681
=700  1\$aCrace, Frederick,$d1779-1859,$eformer owner.
=700  1\$aCrace, John Gregory,$d1809-1889,$edonor.
=852  41$aBritish Library$bMAPS$jMaps Crace Port. 8.22
=856  41$3Copy at Maps Crace Port. 8.22$uhttp://www.bl.uk/onlinegallery/onlineex/crace/c/007zzz000000008u00022000.html$yDigitised map
=985  \\$aUpgraded from BL georeferencer data 2022-11-17.
=985  \\$aRecord amended for WR1606-1727
=985  \\$aUpdated by MS generated file for WR2302-017
=CAT  \\$a12842$b40$c20120808$lBLL01$h1111
=CAT  \\$aWR13.117$c20130718$lBLL01$h1854
=CAT  \\$a12842$b40$c20131003$lBLL01$h1144
=CAT  \\$aW1606-1727$c20160825$lBLL01$h1742
=CAT  \\$a14185$b40$c20221026$lBLL01$h1437
=CAT  \\$a14185$b40$c20221201$lBLL01$h1228
=CAT  \\$a14185$b40$c20221202$lBLL01$h1346
=CAT  \\$aW2302-0174$c20230223$lBLL01$h1959
=FIN  \\$aY$d20120808
=FMT  \\$a  MP
=LAS  \\$aW2302-0174$b00$c20230223$lBLL01$h1959

