=LDR  03847cem a2200673 a 4500
=001  016144352
=003  Uk
=005  20230223161628.0
=007  aj\aanzn
=008  120808q1720\\\\enk||||||\a\\\\\0\\\eng|\
=034  1\$aa$b2340$dW0015340$eW0015422$fN0513100$gN0513037$2bound
=040  \\$aUk$beng$cUk$dUk
=042  \\$aukblsr
=082  04$a912.4212$223
=100  1\$aBlome, Richard,$d-1705.
=245  14$aThe wards of Farington [sic] within and Baynards Castle with its divisions into parishes, :$btaken from the last survey, with corrections.
=255  \\$aScale approximately 1:2,340$c(W 1°53'40"--W 1°54'22"/N 51°31'00"--N 51°30'37").
=260  \\$a[London,$c1720]
=300  \\$a1 map ;$c30 x 36 cm
=336  \\$acartographic image$2rdacontent
=337  \\$aunmediated$2rdamedia
=338  \\$asheet$2rdacarrier
=500  \\$aImprint from Ward maps of the city of London, R. Hyde.
=500  \\$aFrom J. Strype's edition of J. Stow's Survey of the Cities of London and Westminster and borough of Southwark ..., published in 1720.
=500  \\$aThe cartouche at bottom right corner is left blank.
=500  \\$aTop right corner: V1, B2, P124.
=500  \\$aIncludes table of reference, upper left and right centre.
=500  \\$aProminent buildings shown pictorially.
=510  4\$aCrace, John Gregory, A catalogue of maps, plans and views of London, Westminster and Southwark collected and arranged by Frederick Crace (1878),$cno. 23, p. 46
=510  4\$aHyde, Ralph. Ward maps of the city of London,$cno. 73 (1), p. 64
=510  4\$aFrench, Josephine. Tooley's dictionary of mapmakers A-D (1999),$cp. 151
=510  4\$aWorms, Laurence, Baynton-Williams, Ashley. British map engravers: a dictionary of engravers, lithographers and their principal employers,$bto 1850,$cpp. 90-91
=520  \\$aThis plan was published in Strype's first annotated edition of Stow's 'Survey of England'. The plan's title features in cartouche at top left, with compass star and scale bar near bottom left. The keys to streets, yards, halls, courts and private properties appear in tables down both sides of the plate. St. Paul's Cathedral and other prominent buildings are shown pictorially. Farringdon Ward was divided into Farringon Within and Farringdon Without in 1394 because 'the governance thereof is too laborious and grievous for one person to occupy and duly govern the same'.
=651  \0$aCastle Baynard (London, England)$vMaps$vEarly works to 1800.
=651  \0$aFarringdon Within Ward (London, England)$vMaps$vEarly works to 1800.
=651  \0$aLondon (England)$vMaps$vEarly works to 1800.
=655  \7$aEarly maps.$2fast$0(OCoLC)fst01752681
=700  1\$aCrace, Frederick,$d1779-1859,$eformer owner.
=700  1\$aCrace, John Gregory,$d1809-1889,$edonor.
=852  41$aBritish Library$bMAPS$jMaps Crace Port. 8.23.(1.)
=856  41$3Copy at Maps Crace Port. 8.23.(1.)$uhttp://www.bl.uk/onlinegallery/onlineex/crace/f/007zzz000000008u000230a0.html$yDigitised map
=985  \\$aUpgraded from BL georeferencer data 2022-11-17.
=985  \\$aRecord amended for WR# 13/070
=985  \\$aRecord amended for WR1606-1727
=985  \\$aUpdated by MS generated file for WR2302-017
=CAT  \\$a12842$b40$c20120808$lBLL01$h1244
=CAT  \\$a12842$b40$c20120808$lBLL01$h1440
=CAT  \\$a12842$b40$c20120808$lBLL01$h1707
=CAT  \\$a12842$b40$c20120810$lBLL01$h1631
=CAT  \\$aWR13_070$b00$c20130504$lBLL01$h0339
=CAT  \\$aWR13.117$c20130718$lBLL01$h1854
=CAT  \\$a12842$b40$c20131003$lBLL01$h1148
=CAT  \\$aW1606-1727$c20160825$lBLL01$h1743
=CAT  \\$a14185$b40$c20221201$lBLL01$h1232
=CAT  \\$a14185$b40$c20221202$lBLL01$h1347
=CAT  \\$aW2302-0174$c20230223$lBLL01$h1959
=FIN  \\$aY$d20120808
=FMT  \\$a  MP
=LAS  \\$aW2302-0174$b00$c20230223$lBLL01$h1959

