=LDR  03427cem a2200565 a 4500
=001  016145630
=003  Uk
=005  20230223161628.0
=007  aj\aanzn
=008  120810s1755\\\\enk||||||\a\\\\\0\\\eng|\
=034  1\$aa$dW0015301$eW0015412$fN0513115$gN0513036$2bound
=040  \\$aUk$beng$cUk$dUk
=042  \\$aukblsr
=082  04$a912.4212$223
=100  1\$aCole, Benjamin,$d1697?-1783.
=245  10$aFarringdon ward without with it's division into parishes :$baccording to a new suvey /$cB. Cole sculp.
=255  \\$aScale not given$c(W 1°53'01"--W 1°54'12"/N 51°31'15"--N 51°30'36").
=260  \\$a[London],$c1755.
=300  \\$a1 map ;$c36 x 47 cm
=336  \\$acartographic image$2rdacontent
=337  \\$aunmediated$2rdamedia
=338  \\$asheet$2rdacarrier
=500  \\$aContains dedication to Sir Robert Ladbrook, Alderman for Castle Baynard, 1741-59 his coat of arms, upper centre.
=500  \\$aPublished in History of London by W. Maitland, 1756, vol. 2.
=500  \\$aIncludes views of Temple Bar (demolished in 1870 and removed to Theobalds Park) and North gate of Bridewell.
=500  \\$aProminent buildings shown pictorially.
=510  4\$aCrace, John Gregory, A catalogue of maps, plans and views of London, Westminster and Southwark collected and arranged by Frederick Crace (1878),$cno. 26, p. 46
=510  4\$aHyde, Ralph. Ward maps of the city of London,$cno. 79, p. 66
=510  4\$aWorms, Laurence, Baynton-Williams, Ashley. British map engravers: a dictionary of engravers, lithographers and their principal employers,$bto 1850,$cp. 153
=520  \\$aThis plan was published in William Maitland's 'History of London from its Foundation to the Present Time'. The plan's title features in cartouche at top left, with the heraldic arms of dedicatee Richard Beckford, the ward Alderman, at top centre. A view of Temple Bar appears at top right, with view of Bridewell North Gate next to the compass star at bottom right. Maitland's ward plans were largely derived from Strype's, with the illustrations copied from West Tow's 1736 'Prospect Views of Ancient Churches'. Farringdon Ward was divided into Farringon Within and Farringdon Without in 1394 because 'the governance thereof is too laborious and grievous for one person to occupy and duly govern the same'.
=651  \0$aFarringdon Without Ward (London, England)$vMaps$vEarly works to 1800.
=651  \0$aLondon (England)$vMaps$vEarly works to 1800.
=655  \7$aEarly maps.$2fast$0(OCoLC)fst01752681
=700  1\$aCrace, Frederick,$d1779-1859,$eformer owner.
=700  1\$aCrace, John Gregory,$d1809-1889,$edonor.
=852  41$aBritish Library$bMAPS$jMaps Crace Port. 8.26
=856  41$3Copy at Maps Crace Port. 8.26$uhttp://www.bl.uk/onlinegallery/onlineex/crace/f/007zzz000000008u00026000.html$yDigitised map
=985  \\$aUpgraded from BL georeferencer data 2022-11-17.
=985  \\$aRecord amended for WR1606-1727
=985  \\$aUpdated by MS generated file for WR2302-017
=CAT  \\$a12842$b40$c20120810$lBLL01$h1456
=CAT  \\$aWR13.117$c20130718$lBLL01$h1854
=CAT  \\$a12842$b40$c20131003$lBLL01$h1308
=CAT  \\$aW1606-1727$c20160825$lBLL01$h1742
=CAT  \\$a14185$b40$c20221201$lBLL01$h1232
=CAT  \\$a14185$b40$c20221202$lBLL01$h1349
=CAT  \\$aW2302-0174$c20230223$lBLL01$h1959
=FIN  \\$aY$d20120810
=FMT  \\$a  MP
=LAS  \\$aW2302-0174$b00$c20230223$lBLL01$h1959

