=LDR  03085cfm a2200589 a 4500
=001  016145664
=003  Uk
=005  20230223161628.0
=007  aj\canzn
=008  120810s1794\\\\xx\||||||\a\\\\\0\\\eng|\
=034  1\$aa$b1850$dW0015342$eW0015414$fN0513056$gN0513036$2bound
=040  \\$aUk$beng$cUk$dUk
=042  \\$aukblsr
=082  04$a912.421$223
=100  1\$aLuffman, John,$d1751-1821.
=245  10$aCastle-Baynard ward :$ba new survey 1794.
=255  \\$aScale approximately 1:1,850$c(W 1°53'42"--W 1°54'14"/N 51°30'56"--N 51°30'36").
=260  \\$c1794.
=300  \\$a1 map :$bhand col. ;$c34 x 38 cm
=336  \\$acartographic image$2rdacontent
=337  \\$aunmediated$2rdamedia
=338  \\$asheet$2rdacarrier
=500  \\$aPen and wash on paper. A tracing either of the draft of Luffman's map or of a printed version of it that has yet to be located.
=500  \\$aFirst in a new series of ward maps by Luffman, unpublished.
=500  \\$aNote at bottom right: The shadowed parts only constitute the Ward. The boundary line has been attanded to with the most minute exactness.
=500  \\$aSupplies ground plans of St Paul's Cathedral and Newgate market.
=510  4\$aCrace, John Gregory, A catalogue of maps, plans and views of London, Westminster and Southwark collected and arranged by Frederick Crace (1878),$cno. 27, p. 46
=510  4\$aHyde, Ralph. Ward maps of the city of London,$cno. 49, p. 50
=510  4\$aWorms, Laurence, Baynton-Williams, Ashley. British map engravers: a dictionary of engravers, lithographers and their principal employers,$bto 1850,$cpp. 417-419
=520  \\$aThis is a 19th-Century tracing of an original 1794 plan of the Castle Baynard ward in the City of London. The plan's title features at top left below the city arms, with scale bar at bottom centre. It also shows the ground plan of St. Paul's Cathedral and Newgate market.
=651  \0$aCastle Baynard (London, England)$vMaps$vEarly works to 1800.
=651  \0$aLondon (England)$vMaps$vEarly works to 1800.
=655  \7$aEarly maps.$2fast$0(OCoLC)fst01752681
=700  1\$aCrace, Frederick,$d1779-1859,$eformer owner.
=700  1\$aCrace, John Gregory,$d1809-1889,$edonor.
=852  41$aBritish Library$bMAPS$jMaps Crace Port. 8.27
=856  41$3Copy at Maps Crace Port. 8.27$uhttp://www.bl.uk/onlinegallery/onlineex/crace/c/007zzz000000008u00027000.html$yDigitised map
=985  \\$aUpgraded from BL georeferencer data 2022-11-17.
=985  \\$a100=NEW
=985  \\$aRecord amended for WR1606-1727
=985  \\$aUpdated by MS generated file for WR2302-017
=CAT  \\$a12842$b40$c20120810$lBLL01$h1550
=CAT  \\$a12842$b40$c20120810$lBLL01$h1631
=CAT  \\$aWR13.117$c20130718$lBLL01$h1854
=CAT  \\$a12842$b40$c20131003$lBLL01$h1312
=CAT  \\$aW1606-1727$c20160825$lBLL01$h1742
=CAT  \\$a14185$b40$c20221201$lBLL01$h1743
=CAT  \\$a14185$b40$c20221204$lBLL01$h1900
=CAT  \\$aW2302-0174$c20230223$lBLL01$h1959
=FIN  \\$aY$d20120810
=FMT  \\$a  MP
=LAS  \\$aW2302-0174$b00$c20230223$lBLL01$h1959

