=LDR  02621 em a2200553 a 4500
=001  016146266
=003  Uk
=005  20131003150912.0
=007  aj\aanzn
=008  120813q1720\\\\enk||||||\a\\\\\0\\\eng|\
=034  1\$aa$b1790
=040  \\$aUk$beng$cUk$dUk
=042  \\$aukblsr
=082  04$a912.4212$223
=100  1\$aBlome, Richard,$d-1705.
=245  10$aLangborne ward with its division into parishes :$bcorrected from the last survey.
=246  11$aCandlewick ward with its division into parishes. Corrected from the last survey
=255  \\$aScale [ca. 1:1,790].
=260  \\$a[London,$c1720]
=300  \\$a1 map ;$c30 x 37 cm
=336  \\$acartographic image$2rdacontent
=337  \\$aunmediated$2rdamedia
=338  \\$asheet$2rdacarrier
=500  \\$aImprint from Ward maps of the city of London, R. Hyde.
=500  \\$aFrom J. Strype's edition of J. Stow's Survey of the Cities of London and Westminster and borough of Southwark ..., published in 1720.
=500  \\$aTop right corner: V1, B2, P151.
=500  \\$aIncludes table of reference lower right.
=500  \\$aProminent buildings shown pictorially.
=510  4\$aCrace, John Gregory, A catalogue of maps, plans and views of London, Westminster and Southwark collected and arranged by Frederick Crace (1878),$cno. 29, p. 47
=510  4\$aHyde, Ralph. Ward maps of the city of London,$cno. 85 (1), p. 68
=510  4\$aFrench, Josephine. Tooley's dictionary of mapmakers A-D (1999),$cp. 151
=510  4\$aWorms, Laurence, Baynton-Williams, Ashley. British map engravers: a dictionary of engravers, lithographers and their principal employers,$bto 1850,$cpp. 90-91
=651  \0$aCandlewick Ward (London, England)$vMaps$vEarly works to 1800.
=651  \0$aLangbourn Ward (London, England)$vMaps$vEarly works to 1800.
=651  \0$aLondon (England)$vMaps$vEarly works to 1800.
=700  1\$aCrace, Frederick,$d1779-1859,$eformer owner.
=700  1\$aCrace, John Gregory,$d1809-1889,$edonor.
=852  41$aBritish Library$bMAPS$jMaps Crace Port. 8.29.(1.)
=856  41$3Copy at Maps Crace Port. 8.29.(1.)$uhttp://www.bl.uk/onlinegallery/onlineex/crace/l/007zzz000000008u000290a0.html$yDigitised map
=985  \\$aRecord amended for WR# 13/070
=985  \\$aRecord amended for WR1606-1727
=CAT  \\$a12842$b40$c20120813$lBLL01$h1243
=CAT  \\$aWR13_070$b00$c20130504$lBLL01$h0339
=CAT  \\$aWR13.117$c20130718$lBLL01$h1854
=CAT  \\$a12842$b40$c20131003$lBLL01$h1509
=CAT  \\$aW1606-1727$c20160825$lBLL01$h1743
=FIN  \\$aY$d20120813
=FMT  \\$a  MP
=LAS  \\$aW1606-1727$b00$c20160825$lBLL01$h1743

