=LDR  03547cem a2200589 a 4500
=001  016146351
=003  Uk
=005  20230223161628.0
=007  aj\aanzn
=008  120813s1755\\\\enk||||||\a\\\\\0\\\eng|\
=034  1\$aa$dW0015437$eW0015513$fN0513048$gN0513033$2bound
=040  \\$aUk$beng$cUk$dUk
=042  \\$aukblsr
=082  04$a912.4212$223
=100  1\$aCole, Benjamin,$d1697?-1783.
=245  10$aLangborn ward and Candlewick ward with their divisions into parishes :$baccording to a new survey /$cB. Cole sculp.
=255  \\$aScale not given$c(W 1°54'37"--W 1°55'13"/N 51°30'48"--N 51°30'33").
=260  \\$a[London],$c1755.
=300  \\$a1 map ;$c36 x 47 cm
=336  \\$acartographic image$2rdacontent
=337  \\$aunmediated$2rdamedia
=338  \\$asheet$2rdacarrier
=500  \\$aContains dedication to Sir Joseph Hankey, Alderman for Langbourn, 1737-69 and Sir Charles Asgill Alderman for Candlewick, 1749-77; with their coats of arms, top centre and top right.
=500  \\$aPublished in History of London by W. Maitland, 1756, vol. 2.
=500  \\$aIncludes 4 views: of All Hallows Lombard Street, St Olave Hart Street (incorrectly labelled All Hallows Staining), St Clemens Eastcheap and St Mary Woolnoth.
=500  \\$aProminent buildings shown pictorially.
=510  4\$aCrace, John Gregory, A catalogue of maps, plans and views of London, Westminster and Southwark collected and arranged by Frederick Crace (1878),$cno. 30, p. 47
=510  4\$aHyde, Ralph. Ward maps of the city of London,$cno. 86, p. 68
=510  4\$aWorms, Laurence, Baynton-Williams, Ashley. British map engravers: a dictionary of engravers, lithographers and their principal employers,$bto 1850,$cp. 153
=520  \\$aThis plan was published in William Maitland's 'History of London from its Foundation to the Present Day'. The plan's title features at top centre, flanked by the heraldic arms of Joseph Kankey, Alderman of Longborn, and Charles Asgill, Alderman of Candlewick. Illustrated views of St Alhallon's church appear at top and bottom left, with a view of St Clement's church at bottom centre and St Mary's church at bottom right. Maitland's ward plans were largely derived from Strype's plans, with the illustrations copied from West & Tow's 1736 'Prospect Views of Ancient Churches'.
=651  \0$aLangbourn Ward (London, England)$vMaps$vEarly works to 1800.
=651  \0$aCandlewick Ward (London, England)$vMaps$vEarly works to 1800.
=651  \0$aLondon (England)$vMaps$vEarly works to 1800.
=655  \7$aEarly maps.$2fast$0(OCoLC)fst01752681
=700  1\$aCrace, Frederick,$d1779-1859,$eformer owner.
=700  1\$aCrace, John Gregory,$d1809-1889,$edonor.
=852  41$aBritish Library$bMAPS$jMaps Crace Port. 8.30
=856  41$3Copy at Maps Crace Port. 8.30$uhttp://www.bl.uk/onlinegallery/onlineex/crace/l/007zzz000000008u00030000.html$yDigitised map
=985  \\$aUpgraded from BL georeferencer data 2022-11-17.
=985  \\$aRecord amended for WR1606-1727
=985  \\$aUpdated by MS generated file for WR2302-017
=CAT  \\$a12842$b40$c20120813$lBLL01$h1449
=CAT  \\$a12842$b40$c20120813$lBLL01$h1514
=CAT  \\$aWR13.117$c20130718$lBLL01$h1854
=CAT  \\$a12842$b40$c20131003$lBLL01$h1517
=CAT  \\$aW1606-1727$c20160825$lBLL01$h1742
=CAT  \\$a14185$b40$c20221201$lBLL01$h1230
=CAT  \\$a14185$b40$c20221202$lBLL01$h1350
=CAT  \\$aW2302-0174$c20230223$lBLL01$h1959
=FIN  \\$aY$d20120813
=FMT  \\$a  MP
=LAS  \\$aW2302-0174$b00$c20230223$lBLL01$h1959

