=LDR  03185cem a2200565 a 4500
=001  016146711
=003  Uk
=005  20230223161629.0
=007  aj\aanzn
=008  120814s1755\\\\enk||||||\a\\\\\0\\\eng|\
=034  1\$aa$b3700$dW0015449$eW0015517$fN0513059$gN0513040$2bound
=040  \\$aUk$beng$cUk$dUk
=042  \\$aukblsr
=082  04$a912.4212$223
=100  1\$aCole, Benjamin,$d1697?-1783.
=245  12$aA new and correct plan of Limestreet ward with its division into parishes :$baccording to a new survey /$cB. Cole sculp.
=255  \\$aScale approximately 1:3,700$c(W 1°54'49"--W 1°55'17"/N 51°30'59"--N 51°30'40").
=260  \\$a[London],$c1755.
=300  \\$a1 map ;$c23 x 36 cm
=336  \\$acartographic image$2rdacontent
=337  \\$aunmediated$2rdamedia
=338  \\$asheet$2rdacarrier
=500  \\$aContains dedication to John Porter, Alderman for Lime Street Ward, 1752-56, his coat of arms, upper right.
=500  \\$aPublished in History of London by W. Maitland, 1756, vol. 2.
=500  \\$aIncludes view of Leadenhall Market.
=500  \\$aProminent buildings shown pictorially.
=510  4\$aCrace, John Gregory, A catalogue of maps, plans and views of London, Westminster and Southwark collected and arranged by Frederick Crace (1878),$cno. 32, p. 47
=510  4\$aHyde, Ralph. Ward maps of the city of London,$cno. 89, p. 70
=510  4\$aWorms, Laurence, Baynton-Williams, Ashley. British map engravers: a dictionary of engravers, lithographers and their principal employers,$bto 1850,$cp. 153
=520  \\$aThis plan was published in William Maitland's 'History of London from its Foundation to the Present Day'. The title features in a cartouche at top centre, with the Arms of John Porter, Alderman of Lime Street, at top right. The scale bar is at bottom right, compass star at bottom left, and an illustrated view of the facade of Leaden Hall market at top left. Maitland's ward plans were largely derived from Strype's plans, with the illustrations copied from West Tow's 'Prospect Views of Ancient Churches' of 1736.
=651  \0$aLime Street Ward (London, England)$vMaps$vEarly works to 1800.
=651  \0$aLondon (England)$vMaps$vEarly works to 1800.
=655  \7$aEarly maps.$2fast$0(OCoLC)fst01752681
=700  1\$aCrace, Frederick,$d1779-1859,$eformer owner.
=700  1\$aCrace, John Gregory,$d1809-1889,$edonor.
=852  41$aBritish Library$bMAPS$jMaps Crace Port. 8.32
=856  41$3Copy at Maps Crace Port. 8.32$uhttp://www.bl.uk/onlinegallery/onlineex/crace/a/007zzz000000008u00032000.html$yDigitised map
=985  \\$aUpgraded from BL georeferencer data 2022-11-17.
=985  \\$aRecord amended for WR1606-1727
=985  \\$aUpdated by MS generated file for WR2302-017
=CAT  \\$a12842$b40$c20120814$lBLL01$h1056
=CAT  \\$aWR13.117$c20130718$lBLL01$h1854
=CAT  \\$a12842$b40$c20131003$lBLL01$h1526
=CAT  \\$aW1606-1727$c20160825$lBLL01$h1742
=CAT  \\$a14185$b40$c20221201$lBLL01$h1231
=CAT  \\$a14185$b40$c20221202$lBLL01$h1352
=CAT  \\$aW2302-0174$c20230223$lBLL01$h1959
=FIN  \\$aY$d20120814
=FMT  \\$a  MP
=LAS  \\$aW2302-0174$b00$c20230223$lBLL01$h1959

