=LDR  03468cem a2200589 a 4500
=001  016147064
=003  Uk
=005  20230223161629.0
=007  aj\aanzn
=008  120814q1756\\\\enk||||||\a\\\\\0\\\eng|\
=034  1\$aa$b1880$dW0015401$eW0015432$fN0513046$gN0513033$2bound
=040  \\$aUk$beng$cUk$dUk
=042  \\$aukblsr
=082  04$a912.4212$223
=100  1\$aCole, Benjamin,$d1697?-1783.
=245  10$aQueen-hith ward and Vintry ward with their divisions into parishes :$baccording to a new survey /$cB. Cole sculpt.
=255  \\$aScale approximately 1:1,880$c(W 1°54'01"--W 1°54'32"/N 51°30'46"--N 51°30'33").
=260  \\$a[London,$c1756]
=300  \\$a1 map ;$c23 x 37 cm
=336  \\$acartographic image$2rdacontent
=337  \\$aunmediated$2rdamedia
=338  \\$asheet$2rdacarrier
=500  \\$aContains dedication to Sir Crisp Gascoyne, Alderman for Vintry, 1745-61, and Marche Dickinson, Alderman for Queenhithe, 1749-65; with their coats of arms at lower right.
=500  \\$aPublished in History of London by W. Maitland, 1756, vol. 2.
=500  \\$aDate taken from Ward maps of the city of London by R. Hyde.
=500  \\$aIncludes view of St Michael Queenhithe (demolished in 1876).
=500  \\$aProminent buildings shown pictorially.
=510  4\$aCrace, John Gregory, A catalogue of maps, plans and views of London, Westminster and Southwark collected and arranged by Frederick Crace (1878),$cno. 36, p. 47
=510  4\$aHyde, Ralph. Ward maps of the city of London,$cno. 97, p. 74
=510  4\$aWorms, Laurence, Baynton-Williams, Ashley. British map engravers: a dictionary of engravers, lithographers and their principal employers,$bto 1850,$cp. 153
=520  \\$aThis plan was published in Maitland's 'History of London from its Foundations to the Present Day'. The title features in cartouche at the foot of the pate, together with the arms of Sir Crisp Gascoyne, Alderman of Vintry Ward, and Martin Dickinson, Alderman of Queenhithe Ward. The scale bar and compass star feature near top left, facing an illustrated view of the parish church of St. Michael at bottom left. Maitland's ward plans were largely derived from Strype's plans, with the illustrations copied from West & Tow's 'Prospect Views of Ancient Churches' of 1736.
=651  \0$aQueenhithe Ward (London, England)$vMaps$vEarly works to 1800.
=651  \0$aVintry Ward (London, England)$vMaps$vEarly works to 1800.
=651  \0$aLondon (England)$vMaps$vEarly works to 1800.
=655  \7$aEarly maps.$2fast$0(OCoLC)fst01752681
=700  1\$aCrace, Frederick,$d1779-1859,$eformer owner.
=700  1\$aCrace, John Gregory,$d1809-1889,$edonor.
=852  41$aBritish Library$bMAPS$jMaps Crace Port. 8.36
=856  41$3Copy at Maps Crace Port. 8.36$uhttp://www.bl.uk/onlinegallery/onlineex/crace/q/007zzz000000008u00036000.html$yDigitised map
=985  \\$aUpgraded from BL georeferencer data 2022-11-17.
=985  \\$aRecord amended for WR1606-1727
=985  \\$aUpdated by MS generated file for WR2302-017
=CAT  \\$a12842$b40$c20120814$lBLL01$h1524
=CAT  \\$aWR13.117$c20130718$lBLL01$h1854
=CAT  \\$a12842$b40$c20131003$lBLL01$h1542
=CAT  \\$aW1606-1727$c20160825$lBLL01$h1742
=CAT  \\$a14185$b40$c20221201$lBLL01$h1539
=CAT  \\$a14185$b40$c20221202$lBLL01$h1354
=CAT  \\$aW2302-0174$c20230223$lBLL01$h1959
=FIN  \\$aY$d20120814
=FMT  \\$a  MP
=LAS  \\$aW2302-0174$b00$c20230223$lBLL01$h1959

