=LDR  02690cem a2200565 a 4500
=001  016148749
=003  Uk
=005  20230223161629.0
=007  aj\aanzn
=008  120814q1754\\\\enk||||||\a\\\\\0\\\eng|\
=034  1\$aa$b1300
=040  \\$aUk$beng$cUk$dUk
=042  \\$aukblsr
=082  04$a912.4215$223
=100  1\$aBlome, Richard,$d-1705.
=245  10$aTower Street ward with its division into parishes, :$btaken from the last survey, with corrections.
=255  \\$aScale [ca. 1:1,300].
=260  \\$a[London],$c1754.
=300  \\$a1 map ;$c30 x 37 cm
=336  \\$acartographic image$2rdacontent
=337  \\$aunmediated$2rdamedia
=338  \\$asheet$2rdacarrier
=500  \\$aFrom J. Strype's edition of J. Stow's Survey of the Cities of London and Westminster and borough of Southwark ..., published in 1754-56.
=500  \\$aBelow map: Published according to Act of Parliament 1754 for Stowe's Survey, 33.
=500  \\$aIncludes table of reference at right centre.
=500  \\$aProminent buildings and shipping on river shown pictorially.
=510  4\$aCrace, John Gregory, A catalogue of maps, plans and views of London, Westminster and Southwark collected and arranged by Frederick Crace (1878),$cno. 37, p. 47
=510  4\$aHyde, Ralph. Ward maps of the city of London,$cno. 101 (2), p. 76
=510  4\$aFrench, Josephine. Tooley's dictionary of mapmakers A-D (1999),$cp. 151
=510  4\$aWorms, Laurence, Baynton-Williams, Ashley. British map engravers: a dictionary of engravers, lithographers and their principal employers,$bto 1850,$cpp. 90-91
=651  \0$aTower Street Ward (London, England)$vMaps$vEarly works to 1800.
=651  \0$aLondon (England)$vMaps$vEarly works to 1800.
=655  \7$aEarly maps.$2fast$0(OCoLC)fst01752681
=700  1\$aCrace, Frederick,$d1779-1859,$eformer owner.
=700  1\$aCrace, John Gregory,$d1809-1889,$edonor.
=852  41$aBritish Library$bMAPS$jMaps Crace Port. 8.37.(2.)
=856  41$3Copy at Maps Crace Port. 8.37.(2.)$uhttp://www.bl.uk/onlinegallery/onlineex/crace/t/007zzz000000008u000370b0.html$yDigitised map
=985  \\$aRecord amended for WR# 13/070
=985  \\$aRecord amended for WR1606-1727
=985  \\$aUpdated by MS generated file for WR2302-017
=CAT  \\$a12842$b40$c20120814$lBLL01$h1706
=CAT  \\$a12842$b40$c20130128$lBLL01$h1618
=CAT  \\$aWR13_070$b00$c20130504$lBLL01$h0339
=CAT  \\$aWR13.117$c20130718$lBLL01$h1854
=CAT  \\$a12842$b40$c20131003$lBLL01$h1548
=CAT  \\$aW1606-1727$c20160825$lBLL01$h1742
=CAT  \\$aW2302-0174$c20230223$lBLL01$h1959
=FIN  \\$aY$d20120814
=FMT  \\$a  MP
=LAS  \\$aW2302-0174$b00$c20230223$lBLL01$h1959

