=LDR  03236cem a2200577 a 4500
=001  016148870
=003  Uk
=005  20230223161629.0
=007  aj\aanzn
=008  120815q1756\\\\enk||||||\a\\\\\0\\\eng|\
=034  1\$aa$dW0015455$eW0015520$fN0513043$gN0513027$2bound
=040  \\$aUk$beng$cUk$dUk
=042  \\$aukblsr
=082  04$a912.4215$223
=100  1\$aCole, Benjamin,$d1697?-1783.
=245  10$aTower Street ward with their divisions into parishes :$baccording to a new survey.
=255  \\$aScale not given$c(W 1°54'55"--W 1°55'20"/N 51°30'43"--N 51°30'27").
=260  \\$a[London,$c1756]
=300  \\$a1 map ;$c24 x 24 cm
=336  \\$acartographic image$2rdacontent
=337  \\$aunmediated$2rdamedia
=338  \\$asheet$2rdacarrier
=500  \\$aContains dedication to Thomas Chitty, Alderman for Tower Ward, 1750-62, his coat of arms, lower left.
=500  \\$aFirst published in History of London by W. Maitland, 1756, vol. 2.
=500  \\$aDate in imprint taken from Ward maps of the city of London by R. Hyde.
=500  \\$aIncludes 2 views: of East India House and Westminster Hall, bottom portion of plate.
=500  \\$aProminent buildings and shipping on river shown pictorially.
=510  4\$aCrace, John Gregory, A catalogue of maps, plans and views of London, Westminster and Southwark collected and arranged by Frederick Crace (1878),$cno. 38, p. 48
=510  4\$aHyde, Ralph. Ward maps of the city of London,$cno. 102, p. 76
=510  4\$aWorms, Laurence, Baynton-Williams, Ashley. British map engravers: a dictionary of engravers, lithographers and their principal employers,$bto 1850,$cp. 153
=520  \\$aThis plan was published in William Maitland's 'History of London from its Foundations to the Present Day'. Its title features in cartouche at top left, with the arms of Thomas Chitty, Alderman of Tower Street ward, at middle left. Inset views of East India House and Westminster Hall appear in panel below the plan. Maitland's ward plans were largely derived from Strype's, with the illustrations copied from West Tow's 1736 'Prospect Views of Ancient Churches'.
=651  \0$aLondon (England)$vMaps$vEarly works to 1800.
=651  \0$aTower Street Ward (London, England)$vMaps$vEarly works to 1800.
=655  \7$aEarly maps.$2fast$0(OCoLC)fst01752681
=700  1\$aCrace, Frederick,$d1779-1859,$eformer owner.
=700  1\$aCrace, John Gregory,$d1809-1889,$edonor.
=852  41$aBritish Library$bMAPS$jMaps Crace Port. 8.38
=856  41$3Copy at Maps Crace Port. 8.38$uhttp://www.bl.uk/onlinegallery/onlineex/crace/t/007zzz000000008u00038000.html$yDigitised map
=985  \\$aUpgraded from BL georeferencer data 2022-11-17.
=985  \\$aRecord amended for WR1606-1727
=985  \\$aUpdated by MS generated file for WR2302-017
=CAT  \\$a12842$b40$c20120815$lBLL01$h1004
=CAT  \\$aWR13.117$c20130718$lBLL01$h1854
=CAT  \\$a12842$b40$c20131003$lBLL01$h1549
=CAT  \\$aW1606-1727$c20160825$lBLL01$h1742
=CAT  \\$a14185$b40$c20221201$lBLL01$h1539
=CAT  \\$a14185$b40$c20221202$lBLL01$h1356
=CAT  \\$aW2302-0174$c20230223$lBLL01$h1959
=FIN  \\$aY$d20120815
=FMT  \\$a  MP
=LAS  \\$aW2302-0174$b00$c20230223$lBLL01$h1959

