=LDR  02905cem a2200565 a 4500
=001  016148978
=003  Uk
=005  20230223161629.0
=007  aj\aanzn
=008  120815s1754\\\\enk||||||\a\\\\\0\\\eng|\
=034  1\$aa$b3150$dW0015510$eW0015558$fN0513042$gN0513015$2bound
=040  \\$aUk$beng$cUk$dUk
=042  \\$aukblsr
=082  04$a912.4215$223
=245  04$aThe Tower and St. Catherins :$btaken from ye last survey with corrections.
=255  \\$aScale approximately 1:3,150$c(W 1°55'10"--W 1°55'58"/N 51°30'42"--N 51°30'15").
=260  \\$a[London],$c1754.
=300  \\$a1 map ;$c29 x 36 cm
=336  \\$acartographic image$2rdacontent
=337  \\$aunmediated$2rdamedia
=338  \\$asheet$2rdacarrier
=500  \\$aFrom J. Strype's edition of J. Stow's Survey of the Cities of London and Westminster and borough of Southwark ..., published in 1754-56.
=500  \\$aBelow map: Published according to Act of Parliament 1754 for Stowes Survey, 37.
=500  \\$aIncludes table of reference, left portion of plate.
=500  \\$aProminent buildings and shipping on river shown pictorially.
=510  4\$aCrace, John Gregory, A catalogue of maps, plans and views of London, Westminster and Southwark collected and arranged by Frederick Crace (1878),$cno. 39, p. 48
=510  4\$aAdams, Bernard. London illustrated,$b1604-1851,$cno. 37 (8), pp. 89-96
=520  \\$aThis plan was published in Strype's 1755 annotated edition of Stow's 'Survey of England'. Its title features in cartouche at top left, with scale bar near bottom left and the compass star on the river. Along the left side of the plate is a reference key. The Tower of London is shown three-dimensionally.
=651  \0$aTower of London (London, England)$vMaps$vEarly works to 1800.
=651  \0$aLondon (England)$vMaps$vEarly works to 1800.
=655  \7$aEarly maps.$2fast$0(OCoLC)fst01752681
=700  1\$aCrace, Frederick,$d1779-1859,$eformer owner.
=700  1\$aCrace, John Gregory,$d1809-1889,$edonor.
=852  41$aBritish Library$bMAPS$jMaps Crace Port. 8.39
=856  41$3Copy at Maps Crace Port. 8.39$uhttp://www.bl.uk/onlinegallery/onlineex/crace/t/007zzz000000008u00039000.html$yDigitised map
=985  \\$aUpgraded from BL georeferencer data 2022-11-17.
=985  \\$aRecord amended for WR1606-1727
=985  \\$aUpdated by MS generated file for WR2302-017
=CAT  \\$a12842$b40$c20120815$lBLL01$h1128
=CAT  \\$a12842$b40$c20120815$lBLL01$h1745
=CAT  \\$a12842$b40$c20120816$lBLL01$h1601
=CAT  \\$aWR13.117$c20130718$lBLL01$h1854
=CAT  \\$a12842$b40$c20131003$lBLL01$h1551
=CAT  \\$aW1606-1727$c20160825$lBLL01$h1742
=CAT  \\$a14185$b40$c20221201$lBLL01$h1540
=CAT  \\$a14185$b40$c20221202$lBLL01$h1357
=CAT  \\$aW2302-0174$c20230223$lBLL01$h1959
=FIN  \\$aY$d20120815
=FMT  \\$a  MP
=LAS  \\$aW2302-0174$b00$c20230223$lBLL01$h1959

