=LDR  03317cem a2200625 a 4500
=001  016149086
=003  Uk
=005  20230223161629.0
=007  aj\aanzn
=008  120815q1720\\\\enk||||||\a\\\\\0\\\eng|\
=034  1\$aa$b2200$dW0015425$eW0015445$fN0513049$gN0513031$2bound
=040  \\$aUk$beng$cUk$dUk
=042  \\$aukblsr
=082  04$a912.4215$223
=100  1\$aBlome, Richard,$d-1705.
=245  10$aWalbrook ward and Dowgate ward with its division into parishes, :$btaken from the last surveys.
=255  \\$aScale approximately 1:2,200$c(W 1°54'25"--W 1°54'45"/N 51°30'49"--N 51°30'31").
=260  \\$a[London,$c1720]
=300  \\$a1 map ;$c31 x 19 cm
=336  \\$acartographic image$2rdacontent
=337  \\$aunmediated$2rdamedia
=338  \\$asheet$2rdacarrier
=500  \\$aImprint from Ward maps of the city of London, R. Hyde.
=500  \\$aFrom J. Strype's edition of J. Stow's Survey of the Cities of London and Westminster and borough of Southwark ..., published in 1720.
=500  \\$aTop right corner: V1, B2, P191.
=500  \\$aIncludes table of reference with three post-Blome references below, right centre.
=500  \\$aProminent buildings shown pictorially.
=510  4\$aCrace, John Gregory, A catalogue of maps, plans and views of London, Westminster and Southwark collected and arranged by Frederick Crace (1878),$cno. 40, p. 48
=510  4\$aHyde, Ralph. Ward maps of the city of London,$cno. 106 (1), p. 80
=510  4\$aFrench, Josephine. Tooley's dictionary of mapmakers A-D (1999),$cp. 151
=510  4\$aWorms, Laurence, Baynton-Williams, Ashley. British map engravers: a dictionary of engravers, lithographers and their principal employers,$bto 1850,$cpp. 90-91
=520  \\$aThis plan was published in Strype's first annotated edition of Stowe's 'Survey of England'. Its title features in cartouche at top centre, with compass star at bottom left and scale bar at bottom right. A key to streets, churches and halls appears in a panel down the right side of the plate.
=651  \0$aDowgate Ward (London, England)$vMaps$vEarly works to 1800.
=651  \0$aLondon (England)$vMaps$vEarly works to 1800.
=651  \0$aWalbrook (London, England)$vMaps$vEarly works to 1800.
=655  \7$aEarly maps.$2fast$0(OCoLC)fst01752681
=700  1\$aCrace, Frederick,$d1779-1859,$eformer owner.
=700  1\$aCrace, John Gregory,$d1809-1889,$edonor.
=852  41$aBritish Library$bMAPS$jMaps Crace Port. 8.40.(1.)
=856  41$3Copy at Maps Crace Port. 8.40.(1.)$uhttp://www.bl.uk/onlinegallery/onlineex/crace/w/007zzz000000008u000400a0.html$yDigitised map
=985  \\$aUpgraded from BL georeferencer data 2022-11-17.
=985  \\$aRecord amended for WR# 13/070
=985  \\$aRecord amended for WR1606-1727
=985  \\$aUpdated by MS generated file for WR2302-017
=CAT  \\$a12842$b40$c20120815$lBLL01$h1331
=CAT  \\$aWR13_070$b00$c20130504$lBLL01$h0339
=CAT  \\$aWR13.117$c20130718$lBLL01$h1854
=CAT  \\$a12842$b40$c20131003$lBLL01$h1557
=CAT  \\$aW1606-1727$c20160825$lBLL01$h1743
=CAT  \\$a14185$b40$c20221201$lBLL01$h1540
=CAT  \\$a14185$b40$c20221202$lBLL01$h1357
=CAT  \\$aW2302-0174$c20230223$lBLL01$h1959
=FIN  \\$aY$d20120815
=FMT  \\$a  MP
=LAS  \\$aW2302-0174$b00$c20230223$lBLL01$h1959

