=LDR  03473cem a2200589 a 4500
=001  016149170
=003  Uk
=005  20230223161629.0
=007  aj\aanzn
=008  120815q1756\\\\enk||||||\a\\\\\0\\\eng|\
=034  1\$aa$dW0015424$eW0015443$fN0513048$gN0513031$2bound
=040  \\$aUk$beng$cUk$dUk
=042  \\$aukblsr
=082  04$a912.4212$223
=100  1\$aCole, Benjamin,$d1697?-1783.
=245  10$aWalbrook ward and Dowgate ward with their divisions into parishes :$baccording to a new survey /$cB. Cole sculpt.
=255  \\$aScale not given$c(W 1°54'24"--W 1°54'43"/N 51°30'48"--N 51°30'31").
=260  \\$a[London,$c1756]
=300  \\$a1 map ;$c23 x 36 cm
=336  \\$acartographic image$2rdacontent
=337  \\$aunmediated$2rdamedia
=338  \\$asheet$2rdacarrier
=500  \\$aContains dedication to Slingsby Bethell, Alderman for Walbrook, 1749-58, and Sir Richard Glynn, Alderman for Dowgate, 1750-53; with their coats of arms, lower left and left centre.
=500  \\$aFirst published in History of London by W. Maitland, 1756, vol. 2.
=500  \\$aDate in imprint taken from Ward maps of the city of London by R. Hyde.
=500  \\$aIncludes 2 views: of St Stephen Walbrook and St Michael Paternoster Royal, right portion of plate.
=500  \\$aProminent buildings shown pictorially.
=510  4\$aCrace, John Gregory, A catalogue of maps, plans and views of London, Westminster and Southwark collected and arranged by Frederick Crace (1878),$cno. 41, p. 48
=510  4\$aHyde, Ralph. Ward maps of the city of London,$cno. 107, p. 80
=510  4\$aWorms, Laurence, Baynton-Williams, Ashley. British map engravers: a dictionary of engravers, lithographers and their principal employers,$bto 1850,$cp. 153
=520  \\$aThis plan was published in William Maitland's 'History of London from its Foundation to the Present Day'. The title features in cartouche at bottom centre, next to the arms of ward alderman Richard Glynn and the Lord Mayor of London Hingsby Bethall. The compass star appears at top centre with views of the parish churches of St Stephen and St Michael down the right side of the plate. Maitland's ward plans were largely derived from Strype's, with the illustrations copied from West Tow's 1736 Prospect Views of Ancient Churches'.
=651  \0$aWalbrook (London, England)$vMaps$vEarly works to 1800.
=651  \0$aDowgate Ward (London, England)$vMaps$vEarly works to 1800.
=651  \0$aLondon (England)$vMaps$vEarly works to 1800.
=655  \7$aEarly maps.$2fast$0(OCoLC)fst01752681
=700  1\$aCrace, Frederick,$d1779-1859,$eformer owner.
=700  1\$aCrace, John Gregory,$d1809-1889,$edonor.
=852  41$aBritish Library$bMAPS$jMaps Crace Port. 8.41
=856  41$3Copy at Maps Crace Port. 8.41$uhttp://www.bl.uk/onlinegallery/onlineex/crace/w/007zzz000000008u00041000.html$yDigitised map
=985  \\$aUpgraded from BL georeferencer data 2022-11-17.
=985  \\$aRecord amended for WR1606-1727
=985  \\$aUpdated by MS generated file for WR2302-017
=CAT  \\$a12842$b40$c20120815$lBLL01$h1432
=CAT  \\$aWR13.117$c20130718$lBLL01$h1854
=CAT  \\$a12842$b40$c20131003$lBLL01$h1629
=CAT  \\$aW1606-1727$c20160825$lBLL01$h1742
=CAT  \\$a14185$b40$c20221201$lBLL01$h1541
=CAT  \\$a14185$b40$c20221202$lBLL01$h1358
=CAT  \\$aW2302-0174$c20230223$lBLL01$h1959
=FIN  \\$aY$d20120815
=FMT  \\$a  MP
=LAS  \\$aW2302-0174$b00$c20230223$lBLL01$h1959

