=LDR  02858cem a2200625 a 4500
=001  016149315
=003  Uk
=005  20230223161629.0
=007  aj\aanzn
=008  120815s1742\\\\enk||||||\a\\\\\0\\\eng|\
=034  0\$aa
=040  \\$aUk$beng$cUk$dUk
=041  0\$aeng
=042  \\$aukblsr
=082  04$a912.4215$223
=100  1\$aHayward, William,$dactive 1591-1637.
=245  12$aA true and exact draught of the Tower liberties, survey'd in the year 1597 /$cby Gulielmus Haiward and J. Gascoyne.
=255  \\$aScale not given.
=260  \\$a[London] :$bSumptibus Societatis Antiquariae Lond.,$c1742.
=300  \\$a1 map ;$c40 x 46 cm
=336  \\$acartographic image$2rdacontent
=337  \\$aunmediated$2rdamedia
=338  \\$asheet$2rdacarrier
=500  \\$aDerivative of the survey by W. Hayward and J. Gascoyne copied from original drawing and intended for the Society use, probably produced by George Vertue.
=500  \\$aIncludes note on the boundaries, list of towers and boundaries of the Liberties, right portion of plate.
=510  4\$aCrace, John Gregory, A catalogue of maps, plans and views of London, Westminster and Southwark collected and arranged by Frederick Crace (1878),$cno. 42, p. 48
=510  4\$aFrench, Josephine. Tooley's dictionary of mapmakers E-J (2001),$cp. 141; pp. 297-298
=510  4\$aKeay, Anna. The Elizabethan Tower of London: the Haiward and Gascoyne plan of 1597 (2001),$cpp. 1-3
=651  \0$aTower of London (London, England)$vMaps$vEarly works to 1800.
=651  \0$aTower Hamlets (London, England)$vMaps$vEarly works to 1800.
=651  \0$aLondon (England)$vMaps$vEarly works to 1800.
=655  \7$aEarly maps.$2fast$0(OCoLC)fst01752681
=700  1\$aCrace, Frederick,$d1779-1859,$eformer owner.
=700  1\$aCrace, John Gregory,$d1809-1889,$edonor.
=700  1\$aGascoyne, John.
=700  1\$aVertue, George,$d1684-1756.
=710  2\$aSociety of Antiquaries of London.
=852  41$aBritish Library$bMAPS$jMaps Crace Port. 8.42
=856  41$3Copy at Maps Crace Port. 8.42$uhttp://www.bl.uk/onlinegallery/onlineex/crace/a/007zzz000000008u00042000.html$yDigitised map
=985  \\$a100 NEW
=985  \\$aRecord amended for WR# 13/070
=985  \\$aRecord amended for WR1606-1727
=985  \\$aUpdated by MS generated file for WR2302-017
=CAT  \\$a12842$b40$c20120815$lBLL01$h1611
=CAT  \\$a12842$b40$c20120816$lBLL01$h1120
=CAT  \\$a12842$b40$c20120816$lBLL01$h1626
=CAT  \\$aWR13_070$b00$c20130504$lBLL01$h0339
=CAT  \\$aWR13_070C$c20130611$lBLL01$h1859
=CAT  \\$aWR13.117$c20130718$lBLL01$h1854
=CAT  \\$a12842$b40$c20131003$lBLL01$h1632
=CAT  \\$aW1606-1727$c20160825$lBLL01$h1742
=CAT  \\$aW2302-0174$c20230223$lBLL01$h1959
=FIN  \\$aY$d20120815
=FMT  \\$a  MP
=LAS  \\$aW2302-0174$b00$c20230223$lBLL01$h1959

