=LDR  02795cem a2200601 a 4500
=001  016149565
=003  Uk
=005  20230223161629.0
=007  aj\aanzn
=008  120816s1815\\\\enk||||||\a\\\\\1\\\eng|\
=034  1\$aa$b1170
=040  \\$aUk$beng$cUk$dUk
=042  \\$aukblsr
=082  04$a912.4215$223
=100  1\$aBlood, Holcroft,$dabout 1657-1707.
=245  10$aPlan of the Tower of London :$bfrom a drawing made between 1681 and 1689 by order of Ld. Dartmouth, Mar. Gent of the Ordnance /$cJs. Basire sculp.
=255  \\$aScale [ca. 1:1,170].
=260  \\$a[London] :$bPublished by the Society of Antiquaries of London,$cJanuary 1st, 1815.
=300  \\$a1 map ;$c27 x 35 cm
=336  \\$acartographic image$2rdacontent
=337  \\$aunmediated$2rdamedia
=338  \\$asheet$2rdacarrier
=500  \\$aFrom Vetusta Monumenta, vol. 4.
=500  \\$aBased on birds eye view of 1688 by Holcroft Blood.
=500  \\$aIncludes key to towers, bottom portion of plate.
=510  4\$aCrace, John Gregory, A catalogue of maps, plans and views of London, Westminster and Southwark collected and arranged by Frederick Crace (1878),$cno. 44, p. 48
=510  4\$aAdams, Bernard. London illustrated,$b1604-1851,$cno. 36 (29), pp. 84-89
=510  4\$aKeay, Anna. The Elizabethan Tower of London: the Haiward and Gascoyne plan of 1597 (2001),$cp. 22
=510  4\$aFrench, Josephine. Tooley's dictionary of mapmakers A-D (1999),$cp. 94
=510  4\$aWorms, Laurence, Baynton-Williams, Ashley. British map engravers: a dictionary of engravers, lithographers and their principal employers,$bto 1850,$cpp. 55-56
=651  \0$aLondon (England)$vMaps.
=651  \0$aTower of London (London, England)$vMaps.
=655  \7$aMaps.$2fast$0(OCoLC)fst01423704
=700  1\$aCrace, Frederick,$d1779-1859,$eformer owner.
=700  1\$aCrace, John Gregory,$d1809-1889,$edonor.
=700  1\$aBasire, James,$d1769-1822,$eengraver.
=710  2\$aSociety of Antiquaries of London.
=852  41$aBritish Library$bMAPS$jMaps Crace Port. 8.44
=856  41$3Copy at Maps Crace Port. 8.44$uhttp://www.bl.uk/onlinegallery/onlineex/crace/p/007zzz000000008u00044000.html$yDigitised map
=985  \\$a100=NEW
=985  \\$aRecord amended for WR1606-1727
=985  \\$aUpdated by MS generated file for WR2302-017
=CAT  \\$a12842$b40$c20120816$lBLL01$h1250
=CAT  \\$a12842$b40$c20120816$lBLL01$h1600
=CAT  \\$a12842$b40$c20120816$lBLL01$h1632
=CAT  \\$a12842$b40$c20120816$lBLL01$h1634
=CAT  \\$aWR13.117$c20130718$lBLL01$h1854
=CAT  \\$a12842$b40$c20131003$lBLL01$h1637
=CAT  \\$aW1606-1727$c20160825$lBLL01$h1742
=CAT  \\$aW2302-0174$c20230223$lBLL01$h1959
=FIN  \\$aY$d20120816
=FMT  \\$a  MP
=LAS  \\$aW2302-0174$b00$c20230223$lBLL01$h1959

