=LDR  02343cem a2200529 a 4500
=001  016149655
=003  Uk
=005  20230223161629.0
=007  aj\aanzn
=008  120816s1754\\\\enk||||||\a\\\\\0\\\eng|\
=034  0\$aa
=040  \\$aUk$beng$cUk$dUk
=042  \\$aukblsr
=082  04$a912.42125$223
=245  02$aA map of the Tower Liberty.
=255  \\$aScale not given.
=260  \\$a[London],$c1754.
=300  \\$a1 map ;$c28 x 36 cm
=336  \\$acartographic image$2rdacontent
=337  \\$aunmediated$2rdamedia
=338  \\$asheet$2rdacarrier
=500  \\$aFrom J. Strype's edition of J. Stow's Survey of the cities of London and Westminster ..., published in 1754-56.
=500  \\$aBelow map: Published according to Act of Parliament 1754 for Stowes Survey, 38.
=500  \\$aFour plans of Tower Liberty: on Tower Hill, in Marine Street, in The Little Minories and in Spittle Fields.
=500  \\$aIncludes table of reference lower left.
=510  4\$aCrace, John Gregory, A catalogue of maps, plans and views of London, Westminster and Southwark collected and arranged by Frederick Crace (1878),$cno. 43, p. 48,
=510  4\$aAdams, Bernard. London illustrated,$b1604-1851,$cno. 37 (7), pp. 89-96
=651  \0$aTower of London (London, England)$vMaps$vEarly works to 1800.
=651  \0$aTower Hamlets (London, England)$vMaps$vEarly works to 1800.
=651  \0$aLondon (England)$vMaps$vEarly works to 1800.
=655  \7$aEarly maps.$2fast$0(OCoLC)fst01752681
=700  1\$aCrace, Frederick,$d1779-1859,$eformer owner.
=700  1\$aCrace, John Gregory,$d1809-1889,$edonor.
=852  41$aBritish Library$bMAPS$jMaps Crace Port. 8.43
=856  41$3Copy at Maps Crace Port. 8.43$uhttp://www.bl.uk/onlinegallery/onlineex/crace/a/007zzz000000008u00043000.html$yDigitised map
=985  \\$aRecord amended for WR1606-1727
=985  \\$aUpdated by MS generated file for WR2302-017
=CAT  \\$a12842$b40$c20120816$lBLL01$h1433
=CAT  \\$a12842$b40$c20120816$lBLL01$h1435
=CAT  \\$a12842$b40$c20120816$lBLL01$h1453
=CAT  \\$aWR13.117$c20130718$lBLL01$h1854
=CAT  \\$a12842$b40$c20131003$lBLL01$h1634
=CAT  \\$aW1606-1727$c20160825$lBLL01$h1742
=CAT  \\$aW2302-0174$c20230223$lBLL01$h1959
=FIN  \\$aY$d20120816
=FMT  \\$a  MP
=LAS  \\$aW2302-0174$b00$c20230223$lBLL01$h1959

