=LDR  03727cem a2200673 a 4500
=001  016149771
=003  Uk
=005  20230223161629.0
=007  aj\aanzn
=008  120816s1815\\\\enk||||||\a\\\\\0\\\eng|\
=034  1\$aa$dW0015513$eW0015536$fN0513036$gN0513023$2bound
=040  \\$aUk$beng$cUk$dUk
=042  \\$aukblsr
=082  04$a912.4212$223
=100  1\$aLemprière, C.$q(Clement),$d1716?-1746.
=245  10$aPlan of the Tower of London :$bfrom a drawing made in the year MDCCXXVI /$cC. Lempriere delt. 1726 ; Js. Basire sculp.
=255  \\$aScale not given$c(W 1°55'13"--W 1°55'36"/N 51°30'36"--N 51°30'23").
=260  \\$a[London] :$bPublished by the Society of Antiquaries of London,$cJanuary 1st, 1815.
=300  \\$a1 map ;$c31 x 41 cm
=336  \\$acartographic image$2rdacontent
=337  \\$aunmediated$2rdamedia
=338  \\$asheet$2rdacarrier
=500  \\$aFrom Vetusta Monumenta, vol. 4.
=500  \\$aDerivative of the survey by W. Hayward and J. Gascoyne based on MSS drawing of 1726 by Clement Lempriére.
=500  \\$aIncludes key to towers at upper left.
=510  4\$aCrace, John Gregory, A catalogue of maps, plans and views of London, Westminster and Southwark collected and arranged by Frederick Crace (1878),$cno. 45, p. 48
=510  4\$aAdams, Bernard. London illustrated,$b1604-1851,$cno. 36 (30), pp. 84-89
=510  4\$aKeay, Anna. The Elizabethan Tower of London: the Haiward and Gascoyne plan of 1597 (2001),$cpp. 1-5
=510  4\$aWorms, Laurence, Baynton-Williams, Ashley. British map engravers: a dictionary of engravers, lithographers and their principal employers,$bto 1850,$cpp. 399-400
=520  \\$aThis is a 19th-century copy of a 1726 Lempiere drawing made by the London Society of Antiquaries. The plan's title features in square tablet at top right, with scale bar at bottom centre and a key to towers, chapels and streets in panel at top left. The term 'liberties' refers to the area under the Tower's independent jurisdiction. Until 1686, the liberties of the Tower were restricted to the area within its walls and the land on Tower Hill. Three territories were added by James II's charter of 1686: the Minories, the Artillery Ground and the Wellclose.
=651  \0$aLondon (England)$vMaps.
=651  \0$aTower of London (London, England)$vMaps.
=655  \7$aMaps.$2fast$0(OCoLC)fst01423704
=700  1\$aBasire, James,$d1730-1802,$eengraver.
=700  1\$aCrace, Frederick,$d1779-1859,$eformer owner.
=700  1\$aCrace, John Gregory,$d1809-1889,$edonor.
=700  1\$aGascoyne, John.
=700  1\$aHayward, William,$dactive 1591-1637.
=710  2\$aSociety of Antiquaries of London.
=852  41$aBritish Library$bMAPS$jMaps Crace Port. 8.45
=856  41$3Copy at Maps Crace Port. 8.45$uhttp://www.bl.uk/onlinegallery/onlineex/crace/p/007zzz000000008u00045000.html$yDigitised map
=985  \\$aUpgraded from BL georeferencer data 2022-11-17.
=985  \\$aRecord amended for WR# 13/070
=985  \\$aRecord amended for WR1606-1727
=985  \\$aUpdated by MS generated file for WR2302-017
=CAT  \\$a12842$b40$c20120816$lBLL01$h1631
=CAT  \\$aBATCH-UPD$b40$c20120816$lBLL01$h1632
=CAT  \\$a12842$b40$c20120816$lBLL01$h1634
=CAT  \\$a12842$b40$c20120816$lBLL01$h1648
=CAT  \\$aWR13_070$b00$c20130504$lBLL01$h0339
=CAT  \\$aWR13.117$c20130718$lBLL01$h1854
=CAT  \\$a12842$b40$c20131003$lBLL01$h1641
=CAT  \\$aW1606-1727$c20160825$lBLL01$h1742
=CAT  \\$a14185$b40$c20221201$lBLL01$h1541
=CAT  \\$a14185$b40$c20221202$lBLL01$h1359
=CAT  \\$aW2302-0174$c20230223$lBLL01$h1959
=FIN  \\$aY$d20120816
=FMT  \\$a  MP
=LAS  \\$aW2302-0174$b00$c20230223$lBLL01$h1959

