=LDR  02194cfm a2200505 a 4500
=001  016149790
=003  Uk
=005  20230223161629.0
=007  aj\aanzn
=008  120816s1776\\\\enk||||||\a\\\\\0\\\eng|\
=034  0\$aa
=040  \\$aUk$beng$cUk$dUk
=042  \\$aukblsr
=082  04$a912.4215$223
=245  00$aPlan of Victualling Office. Tower Hill. 1776.
=255  \\$aScale not given.
=260  \\$a[London],$c1776.
=300  \\$a1 map ;$c49 x 66 cm
=336  \\$acartographic image$2rdacontent
=337  \\$aunmediated$2rdamedia
=338  \\$asheet$2rdacarrier
=500  \\$aAttributed to Mr Arrow in A catalogue of maps, plans and views of London, Westminster and Southwark collected and arranged by Frederick Crace, 1878.
=500  \\$aPen and ink on paper with additions in pencil in a later hand.
=500  \\$aNorth is orientated towards the left-hand margin of the plan.
=500  \\$aA 25 point list of offices and houses with references lower left.
=510  4\$aCrace, John Gregory, A catalogue of maps, plans and views of London, Westminster and Southwark collected and arranged by Frederick Crace (1878),$cno. 46, p. 48
=651  \0$aLondon (England)$vMaps$vEarly works to 1800.
=651  \0$aTower Hamlets (London, England)$vMaps$vEarly works to 1800.
=655  \7$aEarly maps.$2fast$0(OCoLC)fst01752681
=700  1\$aCrace, Frederick,$d1779-1859,$eformer owner.
=700  1\$aCrace, John Gregory,$d1809-1889,$edonor.
=852  41$aBritish Library$bMAPS$jMaps Crace Port. 8.46
=856  41$3Copy at Maps Crace Port. 8.46$uhttp://www.bl.uk/onlinegallery/onlineex/crace/p/007zzz000000008u00046000.html$yDigitised map
=985  \\$aRecord amended for WR1606-1727
=985  \\$aUpdated by MS generated file for WR2302-017
=CAT  \\$a12842$b40$c20120816$lBLL01$h1720
=CAT  \\$a12842$b40$c20120817$lBLL01$h1136
=CAT  \\$aWR13.117$c20130718$lBLL01$h1854
=CAT  \\$a12842$b40$c20131003$lBLL01$h1645
=CAT  \\$a12842$b40$c20131003$lBLL01$h1646
=CAT  \\$aW1606-1727$c20160825$lBLL01$h1742
=CAT  \\$aW2302-0174$c20230223$lBLL01$h1959
=FIN  \\$aY$d20120816
=FMT  \\$a  MP
=LAS  \\$aW2302-0174$b00$c20230223$lBLL01$h1959

