=LDR  02099cem a2200505 a 4500
=001  016150136
=003  Uk
=005  20230223161629.0
=007  aj\aanzn
=008  120817s1842\\\\enk||||||\a\\\\\0\\\eng|\
=034  0\$aa
=040  \\$aUk$beng$cUk$dUk
=042  \\$aukblsr
=082  04$a912.421$223
=110  20$aStandidge & Co.
=245  10$aRoyal Mint. Ground story. 1842.
=255  \\$aScale not given.
=260  \\$a[London] :$bStandidge & Co., Little Old Jewry,$c1842.
=300  \\$a1 map ;$c31 x 41 cm
=336  \\$acartographic image$2rdacontent
=337  \\$aunmediated$2rdamedia
=338  \\$asheet$2rdacarrier
=500  \\$aIncludes table of reference lower left.
=500  \\$aThe Royal Mint moved from the Tower of London, to a building by Robert Smirke at the end of East Smithfield in 1809.
=510  4\$aCrace, John Gregory, A catalogue of maps, plans and views of London, Westminster and Southwark collected and arranged by Frederick Crace (1878),$cno. 47, p. 49
=510  4\$aScott, Valerie. Tooley's dictionary of mapmakers Q-Z (2004),$cp. 202
=650  \0$aPublic buildings$zEngland$zLondon$vDesigns and plans.
=651  \0$aLondon (England)$vMaps.
=655  \7$aMaps.$2fast$0(OCoLC)fst01423704
=700  1\$aCrace, Frederick,$d1779-1859,$eformer owner.
=700  1\$aCrace, John Gregory,$d1809-1889,$edonor.
=852  41$aBritish Library$bMAPS$jMaps Crace Port. 8.47.(1.)
=856  41$3Copy at Maps Crace Port. 8.47.(1.)$uhttp://www.bl.uk/onlinegallery/onlineex/crace/r/007000000000008u00047000.html$yDigitised map
=985  \\$aRecord amended for WR1606-1727
=985  \\$aUpdated by MS generated file for WR2302-017
=CAT  \\$a12842$b40$c20120817$lBLL01$h1206
=CAT  \\$a12842$b40$c20120817$lBLL01$h1228
=CAT  \\$aWR13.117$c20130718$lBLL01$h1854
=CAT  \\$a12842$b40$c20131003$lBLL01$h1651
=CAT  \\$aBATCH-UPD$b40$c20160224$lBLL01$h1705
=CAT  \\$aW1606-1727$c20160825$lBLL01$h1742
=CAT  \\$aW2302-0174$c20230223$lBLL01$h1959
=FIN  \\$aY$d20120817
=FMT  \\$a  MP
=LAS  \\$aW2302-0174$b00$c20230223$lBLL01$h1959

