=LDR  02598cfm a2200577 a 4500
=001  016150279
=003  Uk
=005  20230223161630.0
=007  aj\aanzn
=008  120817s1818\\\\enk||||||\a\\\\\0\\\eng|\
=034  0\$aa
=040  \\$aUk$beng$cUk$dUk
=042  \\$aukblsr
=082  04$a912.4215$223
=100  1\$aLeverton, Thomas,$d-1824.
=245  10$aPlan of premises on the north side of Postern Row, Tower Hill, :$bin the occupation of Mr Samuel Smith, Stationer, distinguishing the Crown's Estate in a part of those premises, from the other part, belonging to Willm. Mount Esqr /$ctaken by Thos. Leverton, Thos. Chawner Jany. 1818.
=255  \\$aScale not given.
=260  \\$a[London],$c1818.
=300  \\$a1 map :$bhand col. ;$c39 x 25 cm
=336  \\$acartographic image$2rdacontent
=337  \\$aunmediated$2rdamedia
=338  \\$asheet$2rdacarrier
=500  \\$aPen and wash on paper.
=500  \\$aSite of old city wall and bastion shown in yellow; property of the Crown coloured in pink, William Mount's in grey.
=510  4\$aCrace, John Gregory, A catalogue of maps, plans and views of London, Westminster and Southwark collected and arranged by Frederick Crace (1878),$cno. 50, p. 49
=510  4\$aFrench, Josephine. Tooley's dictionary of mapmakers A-D (1999),$cp. 260
=510  4\$aScott, Valerie. Tooley's dictionary of mapmakers K-P (2003),$cp. 127
=651  \0$aLondon (England)$vMaps.
=651  \0$aTower Hill (London, England)$vMaps.
=655  \7$aMaps.$2fast$0(OCoLC)fst01423704
=700  1\$aChawner, Thomas,$d1774-1851.
=700  1\$aCrace, Frederick,$d1779-1859,$eformer owner.
=700  1\$aCrace, John Gregory,$d1809-1889,$edonor.
=852  41$aBritish Library$bMAPS$jMaps Crace Port. 8.48
=856  41$3Copy at Maps Crace Port. 8.48$uhttp://www.bl.uk/onlinegallery/onlineex/crace/p/007zzz000000008u00048000.html$yDigitised map
=985  \\$a100 & 700 NEW
=985  \\$aRecord amended for WR# 13/070
=985  \\$aRecord amended for WR1606-1727
=985  \\$aUpdated by MS generated file for WR2302-017
=CAT  \\$a12842$b40$c20120817$lBLL01$h1437
=CAT  \\$a12842$b40$c20120817$lBLL01$h1445
=CAT  \\$a12842$b40$c20120817$lBLL01$h1538
=CAT  \\$aWR13_070$b00$c20130504$lBLL01$h0339
=CAT  \\$aWR13_070C$c20130611$lBLL01$h1859
=CAT  \\$aWR13.117$c20130718$lBLL01$h1854
=CAT  \\$a12842$b40$c20131003$lBLL01$h1701
=CAT  \\$aW1606-1727$c20160825$lBLL01$h1742
=CAT  \\$aW2302-0174$c20230223$lBLL01$h1959
=FIN  \\$aY$d20120817
=FMT  \\$a  MP
=LAS  \\$aW2302-0174$b00$c20230223$lBLL01$h1959

