=LDR  03079cfm a2200589 a 4500
=001  016150300
=003  Uk
=005  20230223161630.0
=007  aj\canzn
=008  120817s1815\\\\enk||||||\a\\\\\0\\\eng|\
=034  1\$aa$dW0015518$eW0015531$fN0513039$gN0513031$2bound
=040  \\$aUk$beng$cUk$dUk
=041  0\$aeng
=042  \\$aukblsr
=082  04$a912.4215$223
=100  1\$aLeverton, Thomas,$d-1824.
=245  10$aPlan of an estate belonging to the Crown at Tower Hill :$bshewing the proposed improvements thereon, by the erection of six new houses fronting Trinity Square with gardens and back offices and seventeen smaller houses in George Street &c. &c. Design'd by order of the Commissioners of His Majesty's Woods, Forests and Land Revenues /$cby Thos. Leverton and Thos. Chawner.
=255  \\$aScale not given$c(W 1°55'18"--W 1°55'31"/N 51°30'39"--N 51°30'31").
=260  \\$a[London],$cJuly 1815.
=300  \\$a1 map :$bhand col. ;$c45 x 57 cm
=336  \\$acartographic image$2rdacontent
=337  \\$aunmediated$2rdamedia
=338  \\$asheet$2rdacarrier
=500  \\$aPen and wash on paper with additions in pencil in later hand.
=500  \\$aSite of old city wall indicated. Proposed buildings shown in blue, freehold property coloured in grey.
=510  4\$aCrace, John Gregory, A catalogue of maps, plans and views of London, Westminster and Southwark collected and arranged by Frederick Crace (1878),$cno. 49, p. 49
=510  4\$aFrench, Josephine. Tooley's dictionary of mapmakers A-D (1999),$cp. 260
=510  4\$aScott, Valerie. Tooley's dictionary of mapmakers K-P (2003),$cp. 127
=520  \\$aThis plan's title and descriptive note appear at top left. Designed by order of the Commissioners for Woods, Forests and Land Revenue, the development included six new homes in Trinity Square and seventeen smaller houses in George Street.
=651  \0$aLondon (England)$vMaps.
=651  \0$aTower Hill (London, England)$vMaps.
=655  \7$aMaps.$2fast$0(OCoLC)fst01423704
=700  1\$aChawner, Thomas,$d1774-1851.
=700  1\$aCrace, Frederick,$d1779-1859,$eformer owner.
=700  1\$aCrace, John Gregory,$d1809-1889,$edonor.
=852  41$aBritish Library$bMAPS$jMaps Crace Port. 8.49
=856  41$3Copy at Maps Crace Port. 8.49$uhttp://www.bl.uk/onlinegallery/onlineex/crace/p/007zzz000000008u00049000.html$yDigitised map
=985  \\$aUpgraded from BL georeferencer data 2022-11-17.
=985  \\$aRecord amended for WR# 13/070
=985  \\$aRecord amended for WR1606-1727
=985  \\$aUpdated by MS generated file for WR2302-017
=CAT  \\$a12842$b40$c20120817$lBLL01$h1518
=CAT  \\$aWR13_070$b00$c20130504$lBLL01$h0339
=CAT  \\$aWR13.117$c20130718$lBLL01$h1854
=CAT  \\$a12842$b40$c20131003$lBLL01$h1702
=CAT  \\$aW1606-1727$c20160825$lBLL01$h1742
=CAT  \\$a14185$b40$c20221201$lBLL01$h1541
=CAT  \\$a14185$b40$c20221202$lBLL01$h1400
=CAT  \\$aW2302-0174$c20230223$lBLL01$h1959
=FIN  \\$aY$d20120817
=FMT  \\$a  MP
=LAS  \\$aW2302-0174$b00$c20230223$lBLL01$h1959

