=LDR  02172cem a2200505 a 4500
=001  016150328
=003  Uk
=005  20230223161630.0
=007  aj\canzn
=008  120817s1815\\\\enk||||||\a\\\\\0\\\eng|\
=034  0\$aa
=040  \\$aUk$beng$cUk$dUk
=042  \\$aukblsr
=082  04$a912.421$223
=100  1\$aChawner, Thomas,$d1774-1851.
=245  10$a[Plan of the Crown property of north side of Tower Hill].
=255  \\$aScale not given.
=260  \\$c[1815]
=300  \\$a1 map :$bhand col. ;$c43 x 63 cm
=336  \\$acartographic image$2rdacontent
=337  \\$aunmediated$2rdamedia
=338  \\$asheet$2rdacarrier
=500  \\$aTitle taken from pencil annotation above plan.
=500  \\$aDate and surveyor name taken from A catalogue of maps, plans and views of London, Westminster and Southwark collected and arranged by Frederick Crace, 1878.
=500  \\$aCopy of the original plan produced in 1702.
=500  \\$aPen and wash on paper. Boundaries of properties outlined in colour.
=510  4\$aCrace, John Gregory, A catalogue of maps, plans and views of London, Westminster and Southwark collected and arranged by Frederick Crace (1878),$cno. 48, p. 49
=510  4\$aFrench, Josephine. Tooley's dictionary of mapmakers A-D (1999),$cp. 260
=651  \0$aLondon (England)$vMaps.
=651  \0$aTower Hill (London, England)$vMaps.
=655  \7$aMaps.$2fast$0(OCoLC)fst01423704
=700  1\$aCrace, Frederick,$d1779-1859,$eformer owner.
=700  1\$aCrace, John Gregory,$d1809-1889,$edonor.
=852  41$aBritish Library$bMAPS$jMaps Crace Port. 8.50
=856  41$3Copy at Maps Crace Port. 8.50$uhttp://www.bl.uk/onlinegallery/onlineex/crace/other/007zzz000000008u00050000.html$yDigitised map
=985  \\$aRecord amended for WR1606-1727
=985  \\$aUpdated by MS generated file for WR2302-017
=CAT  \\$a12842$b40$c20120817$lBLL01$h1627
=CAT  \\$aWR13.117$c20130718$lBLL01$h1854
=CAT  \\$a12842$b40$c20131003$lBLL01$h1704
=CAT  \\$aW1606-1727$c20160825$lBLL01$h1742
=CAT  \\$aW2302-0174$c20230223$lBLL01$h1959
=FIN  \\$aY$d20120817
=FMT  \\$a  MP
=LAS  \\$aW2302-0174$b00$c20230223$lBLL01$h1959

