=LDR  02906cfm a2200553 a 4500
=001  016150347
=003  Uk
=005  20230223161630.0
=007  aj\canzn
=008  120817q1794\\\\enk||||||\a\\\\\0\\\eng|\
=034  1\$aa$dW0015354$eW0015405$fN0513045$gN0513038$2bound
=040  \\$aUk$beng$cUk$dUk
=042  \\$aukblsr
=082  04$a912.421$223
=100  1\$aLuffman, John,$d1751-1821.
=245  12$aA plan of the parish of St Bennet near Paul's Wharf in the city of London :$bsurveyed by order of Vestry, February 1794 /$cby J. Luffman.
=255  \\$aScale not given$c(W 1°53'54"--W 1°54'05"/N 51°30'45"--N 51°30'38").
=260  \\$c[After 1794]
=300  \\$a1 map :$bhand col. ;$c46 x 46 cm
=336  \\$acartographic image$2rdacontent
=337  \\$aunmediated$2rdamedia
=338  \\$asheet$2rdacarrier
=500  \\$aPen and wash on paper. A tracing of Luffman's plan of 1794.
=500  \\$aNote on the agreement between private landowners and the Vestry Office for the widening of Thames Street, upper left.
=510  4\$aCrace, John Gregory, A catalogue of maps, plans and views of London, Westminster and Southwark collected and arranged by Frederick Crace (1878),$cno. 51, p. 49
=510  4\$aScott, Valerie. Tooley's dictionary of mapmakers K-P (2003),$bp. 165
=510  4\$aWorms, Laurence, Baynton-Williams, Ashley. British map engravers: a dictionary of engravers, lithographers and their principal employers,$bto 1850,$cpp. 417-419
=520  \\$aThis is a tracing of an original plan of the Parish of St Bennet, near Paul's Wharf. The features at top left, with scale bar at bottom left and compass star at middle left. A note reporting the agreement between private landowners and the Vestry Office for the widening of Thames St also appears at middle left.
=650  \0$aReal property$zEngland$zLondon$vMaps.
=651  \0$aLondon (England)$vMaps.
=655  \7$aEarly maps.$2fast$0(OCoLC)fst01752681
=700  1\$aCrace, Frederick,$d1779-1859,$eformer owner.
=700  1\$aCrace, John Gregory,$d1809-1889,$edonor.
=852  41$aBritish Library$bMAPS$jMaps Crace Port. 8.51
=856  41$3Copy at Maps Crace Port. 8.51$uhttp://www.bl.uk/onlinegallery/onlineex/crace/p/007zzz000000008u00051000.html$yDigitised map
=985  \\$aUpgraded from BL georeferencer data 2022-11-17.
=985  \\$aRecord amended for WR1606-1727
=985  \\$aUpdated by MS generated file for WR2302-017
=CAT  \\$a12842$b40$c20120817$lBLL01$h1718
=CAT  \\$aWR13.117$c20130718$lBLL01$h1854
=CAT  \\$a12842$b40$c20131003$lBLL01$h1705
=CAT  \\$a12842$b40$c20131003$lBLL01$h1707
=CAT  \\$aW1606-1727$c20160825$lBLL01$h1742
=CAT  \\$a14185$b40$c20221201$lBLL01$h1744
=CAT  \\$a14185$b40$c20221204$lBLL01$h1901
=CAT  \\$aW2302-0174$c20230223$lBLL01$h1959
=FIN  \\$aY$d20120817
=FMT  \\$a  MP
=LAS  \\$aW2302-0174$b00$c20230223$lBLL01$h1959

