=LDR  03048cem a2200577 a 4500
=001  016150357
=003  Uk
=005  20230223161630.0
=007  aj\aanzn
=008  120817s1824\\\\enk||||||\a\\\\\0\\\eng|\
=034  1\$aa$dW0015339$eW0015409$fN0513125$gN0513105$2bound
=040  \\$aUk$beng$cUk$dUk
=042  \\$aukblsr
=082  04$a912.4212$223
=100  1\$aGardner, H.,$dactive 1811-1836,$esurveyor.
=245  10$aPlan of the parish of St Sepulchre, Middlesex. :$bSurveyed during the Wardenship of John Saintsbury & Andrew James Smith /$cby H. Gardner ; Robinson & Hine, Vestry clerks, 1823.
=255  \\$aScale not given$c(W 1°53'39"--W 1°54'09"/N 51°31'25"--N 51°31'05").
=260  \\$aLondon :$bPublished by Robert Wilkinson, No. 125 Fenchurch Street,$cFebruary 2nd, 1824.
=300  \\$a1 map :$bcol. ;$c37 x 62 cm
=336  \\$acartographic image$2rdacontent
=337  \\$aunmediated$2rdamedia
=338  \\$asheet$2rdacarrier
=500  \\$aGreen spaces and streets coloured, parish boundaries outlined in red.
=500  \\$aA note on parish of St Sepulchre, bottom left.
=510  4\$aCrace, John Gregory, A catalogue of maps, plans and views of London, Westminster and Southwark collected and arranged by Frederick Crace (1878),$cno. 52, p. 49
=510  4\$aFrench, Josephine. Tooley's dictionary of mapmakers E-J (2001),$cp. 138
=510  4\$aWorms, Laurence, Baynton-Williams, Ashley. British map engravers: a dictionary of engravers, lithographers and their principal employers,$bto 1850,$cpp. 721-722
=520  \\$aThe title of this plan of a parish in Finsbury appears with the publisher's imprint and scale bars, at bottom right. The compass star is at top left. Parish boundaries are outlined in red. A note at bottom left reports the results of the census of 1821. In that year the parish had 574 houses and a population of 4740.
=650  \0$aParishes$zEngland$zLondon$vMaps.
=651  \0$aLondon (England)$vMaps.
=655  \7$aMaps.$2fast$0(OCoLC)fst01423704
=700  1\$aCrace, Frederick,$d1779-1859,$eformer owner.
=700  1\$aCrace, John Gregory,$d1809-1889,$edonor.
=700  1\$aWilkinson, Robert,$d1752?-1825.
=852  41$aBritish Library$bMAPS$jMaps Crace Port. 8.52
=856  41$3Copy at Maps Crace Port. 8.52$uhttp://www.bl.uk/onlinegallery/onlineex/crace/p/007zzz000000008u00052000.html$yDigitised map
=985  \\$aUpgraded from BL georeferencer data 2022-11-17.
=985  \\$a100 & 700 NEW
=985  \\$aRecord amended for WR1606-1727
=985  \\$aUpdated by MS generated file for WR2302-017
=CAT  \\$a12842$b40$c20120817$lBLL01$h1746
=CAT  \\$aWR13.117$c20130718$lBLL01$h1854
=CAT  \\$a12842$b40$c20131003$lBLL01$h1710
=CAT  \\$a12842$b40$c20131003$lBLL01$h1711
=CAT  \\$aW1606-1727$c20160825$lBLL01$h1742
=CAT  \\$a14185$b40$c20221201$lBLL01$h1542
=CAT  \\$a14185$b40$c20221202$lBLL01$h1400
=CAT  \\$aW2302-0174$c20230223$lBLL01$h1959
=FIN  \\$aY$d20120817
=FMT  \\$a  MP
=LAS  \\$aW2302-0174$b00$c20230223$lBLL01$h1959

