=LDR  03240cem a2200553 a 4500
=001  016150870
=003  Uk
=005  20221202140127.0
=007  aj\aanzn
=008  120820s1815\\\\enk||||||\a\\\\\0\\\eng|\
=034  1\$aa$dW0015453$eW0015456$fN0513048$gN0513046$2bound
=040  \\$aUk$beng$cUk$dUk
=042  \\$aukblsr
=082  04$a912.4212$223
=100  1\$aWilkinson, Robert,$d-approximately 1825.
=245  12$aA plan of the church of St Peter upon Cornhill, its cemetery &c. with the seating of the inhabitants in the said church :$bcopied from a plan given in the year 1782, by Mr Thomas Hardy, the then Upper Church-Warden, to Mary Stephens and Ann Maber the Senior and under sextonesses, for their division /$cJ. & S. Archer sc.
=255  \\$aScale not given$c(W 1°54'53"--W 1°54'56"/N 51°30'48"--N 51°30'46").
=260  \\$aLondon :$bpublished by Robert Wilkinson, No. 58 Cornhill,$c11th April 1815.
=300  \\$a1 map ;$c61 x 51 cm
=336  \\$acartographic image$2rdacontent
=337  \\$aunmediated$2rdamedia
=338  \\$asheet$2rdacarrier
=500  \\$aIncludes James' Comerford statutory declaration, lower right.
=500  \\$aSupplies ground plan of the St Peter upon Cornhill church.
=510  4\$aCrace, John Gregory, A catalogue of maps, plans and views of London, Westminster and Southwark collected and arranged by Frederick Crace (1878),$cno. 53, p. 49
=510  4\$aFrench, Josephine. Tooley's dictionary of mapmakers A-D (1999),$cp. 41
=510  4\$aScott, Valerie. Tooley's dictionary of mapmakers Q-Z (2004),$cp. 389
=510  4\$aWorms, Laurence, Baynton-Williams, Ashley. British map engravers: a dictionary of engravers, lithographers and their principal employers,$bto 1850,$cpp. 21-22 ; pp. 721-722
=520  \\$aThe title of this plan runs down the right side of the plate, with the scale bar at bottom centre and the names of the parishioners reported on their seats they in the church pews. Erected on the site of an old Roman basilica in AD179, St Peter's church burned down in the great fire of 1666 and was rebuilt by Christopher Wren in the years 1675/81. In the Middle Ages the church housed a large library and a grammar school.
=651  \0$aLondon (England)$vMaps.
=700  1\$aCrace, Frederick,$d1779-1859,$eformer owner.
=700  1\$aCrace, John Gregory,$d1809-1889,$edonor.
=700  1\$aArcher, Joshua,$d1792?-1863,$eengraver.
=852  41$aBritish Library$bMAPS$jMaps Crace Port. 8.53
=856  41$3Copy at Maps Crace Port. 8.53$uhttp://www.bl.uk/onlinegallery/onlineex/crace/a/007zzz000000008u00053000.html$yDigitised map
=985  \\$aUpgraded from BL georeferencer data 2022-11-17.
=985  \\$aRecord amended for WR# 13/070
=985  \\$aRecord amended for WR1606-1727
=CAT  \\$a12842$b40$c20120820$lBLL01$h1227
=CAT  \\$aWR13_070$b00$c20130504$lBLL01$h0339
=CAT  \\$aWR13_070C$c20130611$lBLL01$h1859
=CAT  \\$aWR13.117$c20130718$lBLL01$h1854
=CAT  \\$a12842$b40$c20131003$lBLL01$h1713
=CAT  \\$aW1606-1727$c20160825$lBLL01$h1742
=CAT  \\$a14185$b40$c20221201$lBLL01$h1542
=CAT  \\$a14185$b40$c20221202$lBLL01$h1401
=FIN  \\$aY$d20120820
=FMT  \\$a  MP
=LAS  \\$a14185$b40$c20221202$lBLL01$h1401

