=LDR  02543cfm a2200541 a 4500
=001  016150984
=003  Uk
=005  20230223161630.0
=007  aj\canzn
=008  120820s1798\\\\enk||||||\a\\\\\0\\\eng|\
=034  1\$aa$dW0015353$eW0015400$fN0513047$gN0513044$2bound
=040  \\$aUk$beng$cUk$dUk
=042  \\$aukblsr
=082  04$a912.4212$223
=100  1\$aChawner, Thomas,$d1774-1851.
=245  10$a[Plan of the Royal Wardrobe Estate in Great Carter Lane].
=255  \\$aScale not given$c(W 1°53'53"--W 1°54'00"/N 51°30'47"--N 51°30'44").
=260  \\$a[London],$cAugt. 23d 1798.
=300  \\$a1 map :$bhand col. ;$c22 x 35 cm
=336  \\$acartographic image$2rdacontent
=337  \\$aunmediated$2rdamedia
=338  \\$asheet$2rdacarrier
=500  \\$aPen and wash on paper with additions in pencil in later hand.
=500  \\$aDimensions of each property and tenants' names reported.
=510  4\$aCrace, John Gregory, A catalogue of maps, plans and views of London, Westminster and Southwark collected and arranged by Frederick Crace (1878),$cno. 54, p. 49
=510  4\$aFrench, Josephine. Tooley's dictionary of mapmakers A-D (1999),$cp. 260
=520  \\$aThis plan shows the estate in Great Carter Lane in the City of London. The plan indicates the dimensions of each property and reports the name of tenant occupiers.
=650  \0$aArchitectural drawing$zEngland$zLondon$vMaps$vEarly works to 1800.
=651  \0$aLondon (England)$vMaps$vEarly works to 1800.
=651  \0$aWardrobe Court (London, England)$vMaps$vEarly works to 1800.
=655  \7$aEarly maps.$2fast$0(OCoLC)fst01752681
=700  1\$aCrace, Frederick,$d1779-1859,$eformer owner.
=700  1\$aCrace, John Gregory,$d1809-1889,$edonor.
=852  41$aBritish Library$bMAPS$jMaps Crace Port. 8.54
=856  41$3Copy at Maps Crace Port. 8.54$uhttp://www.bl.uk/onlinegallery/onlineex/crace/other/007zzz000000008u00054000.html$yDigitised map
=985  \\$aUpgraded from BL georeferencer data 2022-11-17.
=985  \\$aRecord amended for WR1606-1727
=985  \\$aUpdated by MS generated file for WR2302-017
=CAT  \\$a12842$b40$c20120820$lBLL01$h1431
=CAT  \\$aWR13.117$c20130718$lBLL01$h1854
=CAT  \\$a12842$b40$c20131003$lBLL01$h1719
=CAT  \\$aW1606-1727$c20160825$lBLL01$h1742
=CAT  \\$a14185$b40$c20221201$lBLL01$h1542
=CAT  \\$a14185$b40$c20221202$lBLL01$h1402
=CAT  \\$aW2302-0174$c20230223$lBLL01$h1959
=FIN  \\$aY$d20120820
=FMT  \\$a  MP
=LAS  \\$aW2302-0174$b00$c20230223$lBLL01$h1959

