=LDR  02529cem a2200517 a 4500
=001  016151108
=003  Uk
=005  20230223161630.0
=007  aj\aanzn
=008  120820s1748\\\\enk||||||\a\\\\\0\\\eng|\
=034  0\$aa
=040  \\$aUk$beng$cUk$dUk
=042  \\$aukblsr
=082  04$a912.4212$223
=245  02$aA new & correct plan of all the houses destroyd [sic] and damaged by the fire which began in Exchange Alley Cornhill, on Friday March 25th, 1748.
=255  \\$aScale not given.
=260  \\$a[London :$bPrinted for R. Baldwin, jun. at the Rose in Pater-Noster-Row],$c1748.
=300  \\$a1 map ;$c17 x 23 cm
=336  \\$acartographic image$2rdacontent
=337  \\$aunmediated$2rdamedia
=338  \\$asheet$2rdacarrier
=500  \\$aImprint taken from Maps in British periodicals. Part 1, Major monthlies, David C. Jolly.
=500  \\$aFrom The London Magazine, March 1748, vol. 17.
=500  \\$aA reduced version of map of the fire produced by Thomas Jefferys.
=500  \\$aNote below map: A larger plan of this dreadful Fire with the names of ye Sufferes engraved on the place of their respective Habitations may be had of M. Payne at the White Hart in Pater Noster Row.
=510  4\$aCrace, John Gregory, A catalogue of maps, plans and views of London, Westminster and Southwark collected and arranged by Frederick Crace (1878),$cno. 57, p. 50
=510  4\$aJolly, David C. Maps in British periodicals. Part 1, Major monthlies,$bbefore 1800,$cLOND-32, p. 98
=651  \0$aCornhill (London, England)$vMaps$vEarly works to 1800.
=651  \0$aLondon (England)$vMaps$vEarly works to 1800.
=655  \7$aEarly maps.$2fast$0(OCoLC)fst01752681
=700  1\$aCrace, Frederick,$d1779-1859,$eformer owner.
=700  1\$aCrace, John Gregory,$d1809-1889,$edonor.
=852  41$aBritish Library$bMAPS$jMaps Crace Port. 8.57
=856  41$3Copy at Maps Crace Port. 8.57$uhttp://www.bl.uk/onlinegallery/onlineex/crace/a/007000000000008u00057000.html$yDigitised map
=985  \\$aRecord amended for WR1606-1727
=985  \\$aUpdated by MS generated file for WR2302-017
=CAT  \\$a12842$b40$c20120820$lBLL01$h1715
=CAT  \\$a12842$b40$c20120820$lBLL01$h1721
=CAT  \\$aWR13.117$c20130718$lBLL01$h1854
=CAT  \\$a12842$b40$c20131003$lBLL01$h1724
=CAT  \\$a12842$b40$c20131003$lBLL01$h1725
=CAT  \\$aW1606-1727$c20160825$lBLL01$h1742
=CAT  \\$aW2302-0174$c20230223$lBLL01$h1959
=FIN  \\$aY$d20120820
=FMT  \\$a  MP
=LAS  \\$aW2302-0174$b00$c20230223$lBLL01$h1959

