=LDR  02977cem a2200553 a 4500
=001  016151423
=003  Uk
=005  20230223161631.0
=007  aj\aanzn
=008  120821s1748\\\\enk||||||\a\\\\\0\\\eng|\
=034  1\$aa$dW0015443$eW0015453$fN0513049$gN0513044$2bound
=040  \\$aUk$beng$cUk$dUk
=042  \\$aukblsr
=082  04$a912.4212$223
=100  1\$aJefferys, Thomas,$d-1771.
=245  12$aA plan of all the houses, destroyed & damaged by the great fire which begun in Exchange Alley Cornhill, on Friday March 25, 1748 /$cby T. Jefferys Geographer to his Royal Highness the Prince of Wales.
=255  \\$aScale not given$c(W 1°54'43"--W 1°54'53"/N 51°30'49"--N 51°30'44").
=260  \\$a[London] :$bPublished by M. Payne at the White Hart in Pater Noster Row,$cApril 2, 1748.
=300  \\$a1 map ;$c25 x 31 cm
=336  \\$acartographic image$2rdacontent
=337  \\$aunmediated$2rdamedia
=338  \\$asheet$2rdacarrier
=500  \\$aPanel with text describing the fire and damage caused at bottom portion of plate.
=500  \\$aBurnt area stippled, damaged buildings hatched.
=510  4\$aCrace, John Gregory, A catalogue of maps, plans and views of London, Westminster and Southwark collected and arranged by Frederick Crace (1878),$cno. 56, p. 50
=510  4\$aWorms, Laurence, Baynton-Williams, Ashley. British map engravers: a dictionary of engravers, lithographers and their principal employers,$bto 1850,$cpp. 347-351
=520  \\$aThis is a plan of part of Cornhill Ward in the City of London damaged by the fire of 1748. The plan features a scale bar at top right with a title in panel below the plan. Beside the title is a note giving an account of the events and a key to distinguishing properties destroyed or damaged by the fire.
=651  \0$aCornhill (London, England)$vMaps$vEarly works to 1800.
=651  \0$aLondon (England)$vMaps$vEarly works to 1800.
=655  \7$aEarly maps.$2fast$0(OCoLC)fst01752681
=700  1\$aCrace, Frederick,$d1779-1859,$eformer owner.
=700  1\$aCrace, John Gregory,$d1809-1889,$edonor.
=852  41$aBritish Library$bMAPS$jMaps Crace Port. 8.56
=856  41$3Copy at Maps Crace Port. 8.56$uhttp://www.bl.uk/onlinegallery/onlineex/crace/p/007000000000008u00056000.html$yDigitised map
=985  \\$aUpgraded from BL georeferencer data 2022-11-17.
=985  \\$aRecord amended for WR# 13/070
=985  \\$aRecord amended for WR1606-1727
=985  \\$aUpdated by MS generated file for WR2302-017
=CAT  \\$a12842$b40$c20120821$lBLL01$h1031
=CAT  \\$aWR13_070$b00$c20130504$lBLL01$h0339
=CAT  \\$aWR13.117$c20130718$lBLL01$h1854
=CAT  \\$a12842$b40$c20131003$lBLL01$h1723
=CAT  \\$aW1606-1727$c20160825$lBLL01$h1742
=CAT  \\$a14185$b40$c20221201$lBLL01$h1543
=CAT  \\$a14185$b40$c20221202$lBLL01$h1402
=CAT  \\$aW2302-0174$c20230223$lBLL01$h1959
=FIN  \\$aY$d20120821
=FMT  \\$a  MP
=LAS  \\$aW2302-0174$b00$c20230223$lBLL01$h1959

