=LDR  03140cem a2200577 a 4500
=001  016151570
=003  Uk
=005  20230223161631.0
=007  aj\aanzn
=008  120821s1765\\\\enk||||||\a\\\\\0\\\eng|\
=034  1\$aa$dW0015452$eW0015501$fN0513052$gN0513047$2bound
=040  \\$aUk$beng$cUk$dUk
=042  \\$aukblsr
=082  04$a912.4212$223
=100  1\$aJefferys, Thomas,$d-1771.
=245  12$aA plan of all the houses destroyed and damaged by the great fire which began in Bishopsgate Street on Thursday Novr. 7, 1765.
=255  \\$aScale not given$c(W 1°54'52"--W 1°55'01"/N 51°30'52"--N 51°30'47").
=260  \\$a[London] :$bpublished by Wm. Nicol in St Pauls Church Yard & T. Jefferys at Charing Cross,$cNovr. 16, 1765.
=300  \\$a1 map ;$c27 x 24 cm
=336  \\$acartographic image$2rdacontent
=337  \\$aunmediated$2rdamedia
=338  \\$asheet$2rdacarrier
=500  \\$aNote immediately above map: This great devastation by Fire began in the House (A) of Mr Rutland Peruke Maker & Consumed 49 Houses & Damaged about 15.
=500  \\$aBurnt area stippled, damaged buildings hatched.
=510  4\$aCrace, John Gregory, A catalogue of maps, plans and views of London, Westminster and Southwark collected and arranged by Frederick Crace (1878),$cno. 59, p. 50
=510  4\$aWorms, Laurence, Baynton-Williams, Ashley. British map engravers: a dictionary of engravers, lithographers and their principal employers,$bto 1850,$cpp. 347-351
=520  \\$aSmall plan of the part of Cornhill damaged by the fire of November 1765. The plan features title along the top, scale bar at top left and imprint below the plan. The fire which broke out in the early hours of the morning in Mr. Rutland's peruke making shop in Bishopsgate Street, destroyed forty nine houses damaging a further fifteen.
=650  \0$aFires$zEngland$zLondon$vMaps$vEarly works to 1800.
=651  \0$aBishopsgate (London, England)$vMaps$vEarly works to 1800.
=651  \0$aLondon (England)$vMaps$vEarly works to 1800.
=655  \7$aEarly maps.$2fast$0(OCoLC)fst01752681
=700  1\$aCrace, Frederick,$d1779-1859,$eformer owner.
=700  1\$aCrace, John Gregory,$d1809-1889,$edonor.
=852  41$aBritish Library$bMAPS$jMaps Crace Port. 8.59
=856  41$3Copy at Maps Crace Port. 8.59$uhttp://www.bl.uk/onlinegallery/onlineex/crace/a/007000000000008u00059000.html$yDigitised map
=985  \\$aUpgraded from BL georeferencer data 2022-11-17.
=985  \\$aRecord amended for WR# 13/070
=985  \\$aRecord amended for WR1606-1727
=985  \\$aUpdated by MS generated file for WR2302-017
=CAT  \\$a12842$b40$c20120821$lBLL01$h1148
=CAT  \\$a12842$b40$c20120821$lBLL01$h1307
=CAT  \\$aWR13_070$b00$c20130504$lBLL01$h0339
=CAT  \\$aWR13.117$c20130718$lBLL01$h1854
=CAT  \\$a12842$b40$c20131003$lBLL01$h1730
=CAT  \\$aW1606-1727$c20160825$lBLL01$h1742
=CAT  \\$a14185$b40$c20221201$lBLL01$h1543
=CAT  \\$a14185$b40$c20221202$lBLL01$h1403
=CAT  \\$aW2302-0174$c20230223$lBLL01$h1959
=FIN  \\$aY$d20120821
=FMT  \\$a  MP
=LAS  \\$aW2302-0174$b00$c20230223$lBLL01$h1959

