=LDR  02231cem a2200481 a 4500
=001  016151643
=003  Uk
=005  20230223161631.0
=007  aj\aanzn
=008  120821q1765\\\\enk||||||\a\\\\\0\\\eng|\
=034  0\$aa
=040  \\$aUk$beng$cUk$dUk
=042  \\$aukblsr
=082  04$a912.4212$223
=245  02$aA plan of part of the city of London, from the Bank to Leaden Hall Street, including the houses destroyd & damaged by the late fire, in Bishopsgate Street, Cornhill &c. Novr. 7th 1765.
=255  \\$aScale not given.
=260  \\$aLondon :$bPrinted for John Ryall, at Hogarth's Head in Fleet Street,$c[1765]
=300  \\$a1 map ;$c19 x 24 cm
=336  \\$acartographic image$2rdacontent
=337  \\$aunmediated$2rdamedia
=338  \\$asheet$2rdacarrier
=500  \\$aA list of the sufferers in Bishopgate Street below map.
=500  \\$aBurnt area stippled, damaged buildings hatched.
=510  4\$aCrace, John Gregory, A catalogue of maps, plans and views of London, Westminster and Southwark collected and arranged by Frederick Crace (1878),$cno. 58, p. 50
=510  4\$aWorms, Laurence, Baynton-Williams, Ashley. British map engravers: a dictionary of engravers, lithographers and their principal employers,$bto 1850,$cpp. 347-351
=651  \0$aBishopsgate (London, England)$vMaps$vEarly works to 1800.
=651  \0$aLondon (England)$vMaps$vEarly works to 1800.
=655  \7$aEarly maps.$2fast$0(OCoLC)fst01752681
=700  1\$aCrace, Frederick,$d1779-1859,$eformer owner.
=700  1\$aCrace, John Gregory,$d1809-1889,$edonor.
=700  1\$aRyall, John.
=852  41$aBritish Library$bMAPS$jMaps Crace Port. 8.58
=856  41$3Copy at Maps Crace Port. 8.58$uhttp://www.bl.uk/onlinegallery/onlineex/crace/a/007000000000008u00058000.html$yDigitised map
=985  \\$aRecord amended for WR1606-1727
=985  \\$aUpdated by MS generated file for WR2302-017
=CAT  \\$a12842$b40$c20120821$lBLL01$h1305
=CAT  \\$aWR13.117$c20130718$lBLL01$h1854
=CAT  \\$a12842$b40$c20131003$lBLL01$h1727
=CAT  \\$aW1606-1727$c20160825$lBLL01$h1742
=CAT  \\$aW2302-0174$c20230223$lBLL01$h1959
=FIN  \\$aY$d20120821
=FMT  \\$a  MP
=LAS  \\$aW2302-0174$b00$c20230223$lBLL01$h1959

