=LDR  02177cem a2200493 a 4500
=001  016151653
=003  Uk
=005  20230223161631.0
=007  aj\aanzn
=008  120821s1765\\\\enk||||||\a\\\\\0\\\eng|\
=034  0\$aa
=040  \\$aUk$beng$cUk$dUk
=042  \\$aukblsr
=082  04$a912.421$223
=245  02$aA plan of the late fire in Bishopsgate Street, Novr. 7th 1765.
=255  \\$aScale not given.
=260  \\$a[London :$bPrinted for R. Baldwin, at the Rose in Pater Noster Row],$c1765.
=300  \\$a1 map ;$c18 x 12 cm
=336  \\$acartographic image$2rdacontent
=337  \\$aunmediated$2rdamedia
=338  \\$asheet$2rdacarrier
=500  \\$aImprint taken from David C. Jolly, Maps in British periodicals. Part 1, Major monthlies.
=500  \\$aFrom The London Magazine, November 1765, vol. 34.
=500  \\$aBurnt area stippled, hatched elsewhere.
=510  4\$aCrace, John Gregory, A catalogue of maps, plans and views of London, Westminster and Southwark collected and arranged by Frederick Crace (1878),$cno. 60, p. 50
=510  4\$aJolly, David C. Maps in British periodicals. Part 1, Major monthlies,$bbefore 1800,$cLOND-249, p. 129
=650  \0$aFires$zEngland$zLondon$vMaps$vEarly works to 1800.
=651  \0$aBishopsgate (London, England)$vMaps$vEarly works to 1800.
=651  \0$aLondon (England)$vMaps$vEarly works to 1800.
=655  \7$aEarly maps.$2fast$0(OCoLC)fst01752681
=700  1\$aCrace, Frederick,$d1779-1859,$eformer owner.
=700  1\$aCrace, John Gregory,$d1809-1889,$edonor.
=852  41$aBritish Library$bMAPS$jMaps Crace Port. 8.60
=856  41$3Copy at Maps Crace Port. 8.60$uhttp://www.bl.uk/onlinegallery/onlineex/crace/a/007000000000008u00060000.html$yDigitised map
=985  \\$aRecord amended for WR1606-1727
=985  \\$aUpdated by MS generated file for WR2302-017
=CAT  \\$a12842$b40$c20120821$lBLL01$h1320
=CAT  \\$aWR13.117$c20130718$lBLL01$h1854
=CAT  \\$a12842$b40$c20131003$lBLL01$h1731
=CAT  \\$aW1606-1727$c20160825$lBLL01$h1742
=CAT  \\$aW2302-0174$c20230223$lBLL01$h1959
=FIN  \\$aY$d20120821
=FMT  \\$a  MP
=LAS  \\$aW2302-0174$b00$c20230223$lBLL01$h1959

