=LDR  03378cem a2200613 a 4500
=001  016151919
=003  Uk
=005  20230223161631.0
=007  aj\aanzn
=008  120821q1760\\\\enk||||||\a\\\\\0\\\eng|\
=034  1\$aa$dW0015443$eW0015447$fN0513049$gN0513048$2bound
=040  \\$aUk$beng$cUk$dUk
=042  \\$aukblsr
=082  04$a912.421$223
=100  1\$aToms, William Henry,$dactive 1723-1761,$eengraver.
=245  12$aA plan of the Royal Exchange of London. :$bShewing the several walks, or places of resort, usually frequented by the different merchants, traders &c. of this great metropolis. /$cW. H. Toms sculp.
=255  \\$aScale not determined$c(W 1°54'43"--W 1°54'47"/N 51°30'49"--N 51°30'48").
=260  \\$a[London] :$bPublish'd and sold by Joseph Hawkins, printer in Shear Lane, Temple Bar,$c[1760]
=300  \\$a1 map ;$c27 x 19 cm
=336  \\$acartographic image$2rdacontent
=337  \\$aunmediated$2rdamedia
=338  \\$asheet$2rdacarrier
=500  \\$aSmall plan of the Royal Exchange showing the trading floor and the areas allocated to each group of traders. Title and dedication to the Lord Mayor and the committee trading on behalf of Sir Theodor Gresham are reported in a cartouche at the top of the plate surmounted by the arms of the City.
=500  \\$aContains dedication to the Lord Mayor and the committee trading on behalf of Sir Theodor Gresham from Samuel Walter and Joseph Threlkeld.
=500  \\$aDate in imprint taken from A catalogue of maps, plans and views of London, Westminster and Southwark collected and arranged by Frederick Crace, 1878.
=510  4\$aCrace, John Gregory, A catalogue of maps, plans and views of London, Westminster and Southwark collected and arranged by Frederick Crace (1878),$cno. 62, p. 50
=510  4\$aWorms, Laurence, Baynton-Williams, Ashley. British map engravers: a dictionary of engravers, lithographers and their principal employers,$bto 1850,$cpp. 669-670
=651  \0$aRoyal Exchange (London, England)$vMaps$vEarly works to 1800.
=651  \0$aLondon (England)$vMaps$vEarly works to 1800.
=655  \7$aEarly maps.$2fast$0(OCoLC)fst01752681
=700  1\$aCrace, Frederick,$d1779-1859,$eformer owner.
=700  1\$aCrace, John Gregory,$d1809-1889,$edonor.
=852  41$aBritish Library$bMAPS$jMaps Crace Port. 8.62
=856  41$3Copy at Maps Crace Port. 8.62$uhttp://www.bl.uk/onlinegallery/onlineex/crace/a/007000000000008u00062000.html$yDigitised map
=985  \\$aUpgraded from georeferencer data 2022-12-16.
=985  \\$a100=NEW
=985  \\$aRecord amended for WR# 13/070
=985  \\$aRecord amended for WR1606-1727
=985  \\$aUpdated by MS generated file for WR2302-017
=CAT  \\$a12842$b40$c20120821$lBLL01$h1649
=CAT  \\$a12842$b40$c20120821$lBLL01$h1651
=CAT  \\$a12842$b40$c20120821$lBLL01$h1703
=CAT  \\$a12842$b40$c20120821$lBLL01$h1744
=CAT  \\$aWR13_070$b00$c20130504$lBLL01$h0339
=CAT  \\$aWR13_070C$c20130611$lBLL01$h1859
=CAT  \\$aWR13.117$c20130718$lBLL01$h1854
=CAT  \\$a12842$b40$c20131003$lBLL01$h1746
=CAT  \\$aW1606-1727$c20160825$lBLL01$h1742
=CAT  \\$a14185$b40$c20221218$lBLL01$h1854
=CAT  \\$a14185$b40$c20221219$lBLL01$h0936
=CAT  \\$aW2302-0174$c20230223$lBLL01$h1959
=FIN  \\$aY$d20120821
=FMT  \\$a  MP
=LAS  \\$aW2302-0174$b00$c20230223$lBLL01$h1959

