=LDR  02451cem a2200541 a 4500
=001  016153854
=003  Uk
=005  20230223161631.0
=007  aj\aanzn
=008  120822q1762\\\\enk||||||\a\\\\\0\\\eng|\
=034  0\$aa
=040  \\$aUk$beng$cUk$dUk
=042  \\$aukblsr
=082  04$a912.4212$223
=100  10$aCampbell, Colen,$d1676-1729.
=245  10$aPlan of the Royal Exchange London.
=246  11$aPlan de la Bourse Royale a Londres
=255  \\$aScale not given.
=260  \\$a[London,$c1762]
=300  \\$a1 map ;$c26 x 40 cm
=336  \\$acartographic image$2rdacontent
=337  \\$aunmediated$2rdamedia
=338  \\$asheet$2rdacarrier
=500  \\$aFrom Vitruvius Britannicus, or the British Architect ... which appeared in three volumes between 1715 and 1725. Further volumes using this title were congregated by Woolfe and Gandon, and published in 1767 and 1771.
=500  \\$aDate in imprint taken from A catalogue of maps, plans and views of London, Westminster and Southwark collected and arranged by Frederick Crace, 1878.
=500  \\$aTop left corner: p. 23, v. 2d.
=510  4\$aCrace, John Gregory, A catalogue of maps, plans and views of London, Westminster and Southwark collected and arranged by Frederick Crace (1878),$cno. 64, p. 51
=650  \0$aPublic buildings$zEngland$zLondon$vMaps$vEarly works to 1800.
=651  \0$aLondon (England)$vMaps$vEarly works to 1800.
=651  \0$aRoyal Exchange (London, England)$vMaps$vEarly works to 1800.
=655  \7$aEarly maps.$2fast$0(OCoLC)fst01752681
=700  1\$aCrace, Frederick,$d1779-1859,$eformer owner.
=700  1\$aCrace, John Gregory,$d1809-1889,$edonor.
=852  41$aBritish Library$bMAPS$jMaps Crace Port. 8.64
=856  41$3Copy at Maps Crace Port. 8.64$uhttp://www.bl.uk/onlinegallery/onlineex/crace/p/007000000000008u00064000.html$yDigitised map
=985  \\$aRecord amended for WR1606-1727
=985  \\$aUpdated by MS generated file for WR2302-017
=CAT  \\$a12842$b40$c20120822$lBLL01$h1322
=CAT  \\$a12842$b40$c20120822$lBLL01$h1327
=CAT  \\$a12842$b40$c20121012$lBLL01$h1423
=CAT  \\$aWR13.117$c20130718$lBLL01$h1854
=CAT  \\$a12842$b40$c20131004$lBLL01$h0953
=CAT  \\$aW1606-1727$c20160825$lBLL01$h1742
=CAT  \\$aBATCH-UPD$b00$c20160825$lBLL01$h1745
=CAT  \\$aW2302-0174$c20230223$lBLL01$h1959
=FIN  \\$aY$d20120822
=FMT  \\$a  MP
=LAS  \\$aW2302-0174$b00$c20230223$lBLL01$h1959

