=LDR  02470cfm a2200541 a 4500
=001  016153883
=003  Uk
=005  20230223161631.0
=007  aj\canzn
=008  120822q1835\\\\xx\||||||\a\\\\\0\\\eng|\
=034  1\$aa$dW0015439$eW0015450$fN0513051$gN0513046$2bound
=040  \\$aUk$beng$cUk$dUk
=042  \\$aukblsr
=082  04$a912.4212$223
=245  00$a[Plan of the Royal Exchange as it appeared before the fire. 1835].
=255  \\$aScale not given$c(W 1°54'39"--W 1°54'50"/N 51°30'51"--N 51°30'46").
=260  \\$c[1835]
=300  \\$a1 map :$bhand col. ;$c21 x 30 cm
=336  \\$acartographic image$2rdacontent
=337  \\$aunmediated$2rdamedia
=338  \\$asheet$2rdacarrier
=500  \\$aTitle and date taken from pen annotation above plan.
=500  \\$aPen and wash on paper with additions in pencil in later hand.
=500  \\$aSupplies ground plans of the Royal Exchange, St Bartholomew's church and St Benedict's church.
=500  \\$aNo. 9 at top left corner.
=510  4\$aCrace, John Gregory, A catalogue of maps, plans and views of London, Westminster and Southwark collected and arranged by Frederick Crace (1878),$cno. 65, p. 51
=520  \\$aThis is a plan of the ground plan of the new Royal Exchange, completed in 1669. It also details the ground plans of the churches of St. Bartholomew and St. Benedictus.
=651  \0$aLondon (England)$vMaps.
=651  \0$aRoyal Exchange (London, England)$vMaps.
=655  \7$aMaps.$2fast$0(OCoLC)fst01423704
=700  1\$aCrace, Frederick,$d1779-1859,$eformer owner.
=700  1\$aCrace, John Gregory,$d1809-1889,$edonor.
=852  41$aBritish Library$bMAPS$jMaps Crace Port. 8.65
=856  41$3Copy at Maps Crace Port. 8.65$uhttp://www.bl.uk/onlinegallery/onlineex/crace/other/007000000000008u00065000.html$yDigitised map
=985  \\$aUpgraded from BL georeferencer data 2022-11-17.
=985  \\$aRecord amended for WR1606-1727
=985  \\$aUpdated by MS generated file for WR2302-017
=CAT  \\$a12842$b40$c20120822$lBLL01$h1351
=CAT  \\$a12842$b40$c20120822$lBLL01$h1353
=CAT  \\$aWR13.117$c20130718$lBLL01$h1854
=CAT  \\$a12842$b40$c20131004$lBLL01$h1030
=CAT  \\$aW1606-1727$c20160825$lBLL01$h1742
=CAT  \\$a14185$b40$c20221201$lBLL01$h1744
=CAT  \\$a14185$b40$c20221204$lBLL01$h1901
=CAT  \\$aW2302-0174$c20230223$lBLL01$h1959
=FIN  \\$aY$d20120822
=FMT  \\$a  MP
=LAS  \\$aW2302-0174$b00$c20230223$lBLL01$h1959

