=LDR  02844cem a2200577 a 4500
=001  016153916
=003  Uk
=005  20230223161631.0
=007  aj\aanzn
=008  120822s1838\\\\enk||||||\a\\\\\0\\\eng|\
=034  1\$aa$dW0015433$eW0015455$fN0513054$gN0513043$2bound
=040  \\$aUk$beng$cUk$dUk
=042  \\$aukblsr
=082  04$a912.4212$223
=100  1\$aFirth, Charles Mousley,$dactive 1823-1851.
=245  10$aPlan of the late Royal Exchange, and its immediate neighbourhood /$cFirth litogr. St Michael's Alley, Cornhill ; Office of Works, Guildhall.
=255  \\$aScale not given$c(W 1°54'33"--W 1°54'55"/N 51°30'54"--N 51°30'43").
=260  \\$a[London],$cMarch 1838.
=300  \\$a1 map ;$c50 x 68 cm
=336  \\$acartographic image$2rdacontent
=337  \\$aunmediated$2rdamedia
=338  \\$asheet$2rdacarrier
=500  \\$aSupplies ground plan of the Royal Exchange and width of some streets.
=510  4\$aCrace, John Gregory, A catalogue of maps, plans and views of London, Westminster and Southwark collected and arranged by Frederick Crace (1878),$cno. 66, p. 51
=510  4\$aWorms, Laurence, Baynton-Williams, Ashley. British map engravers: a dictionary of engravers, lithographers and their principal employers,$bto 1850,$cp. 234
=520  \\$aThis plan of the Royal Exchange and the surrounding area was produced by city planners at Guildhall in the aftermath of the fire of January 1838. The fire, believed to have started in the Lloyds Rooms occupying the main part of the building, destroyed this second Exchange.
=651  \0$aCornhill (London, England)$vMaps.
=651  \0$aLondon (England)$vMaps.
=651  \0$aRoyal Exchange (London, England)$vMaps.
=655  \7$aEarly maps.$2fast$0(OCoLC)fst01752681
=700  1\$aCrace, Frederick,$d1779-1859,$eformer owner.
=700  1\$aCrace, John Gregory,$d1809-1889,$edonor.
=852  41$aBritish Library$bMAPS$jMaps Crace Port. 8.66
=856  41$3Copy at Maps Crace Port. 8.66$uhttp://www.bl.uk/onlinegallery/onlineex/crace/p/007000000000008u00066000.html$yDigitised map
=985  \\$aUpgraded from BL georeferencer data 2022-11-17.
=985  \\$a100=NEW
=985  \\$aRecord amended for WR# 13/070
=985  \\$aRecord amended for WR1606-1727
=985  \\$aUpdated by MS generated file for WR2302-017
=CAT  \\$a12842$b40$c20120822$lBLL01$h1427
=CAT  \\$aWR13_070$b00$c20130504$lBLL01$h0339
=CAT  \\$aWR13_070C$c20130611$lBLL01$h1859
=CAT  \\$aWR13.117$c20130718$lBLL01$h1854
=CAT  \\$a12842$b40$c20131004$lBLL01$h1034
=CAT  \\$aW1606-1727$c20160825$lBLL01$h1742
=CAT  \\$a14185$b40$c20221201$lBLL01$h1543
=CAT  \\$a14185$b40$c20221202$lBLL01$h1404
=CAT  \\$aW2302-0174$c20230223$lBLL01$h1959
=FIN  \\$aY$d20120822
=FMT  \\$a  MP
=LAS  \\$aW2302-0174$b00$c20230223$lBLL01$h1959

