=LDR  02125cfm a2200481 a 4500
=001  016154024
=003  Uk
=005  20230223161631.0
=007  aj\canzn
=008  120822q1839\\\\xx\||||||\a\\\\\0\\\eng|\
=034  0\$aa
=040  \\$aUk$beng$cUk$dUk
=042  \\$aukblsr
=082  04$a912.4212$223
=245  00$aPlan of old and new Royal Exchange.
=255  \\$aScale not given.
=260  \\$c[1839]
=300  \\$a1 map :$bhand col. ;$c38 x 85 cm
=336  \\$acartographic image$2rdacontent
=337  \\$aunmediated$2rdamedia
=338  \\$asheet$2rdacarrier
=500  \\$aDate taken from A catalogue of maps, plans and views of London, Westminster and Southwark collected and arranged by Frederick Crace, 1878.
=500  \\$aPen and wash on paper with additions in later hand.
=500  \\$aWith superimposed proposed plan of rebuilding the Royal Exchange.
=500  \\$aInclude two drawings with note: Section of excavation and concrete to the main building; and Section of excavation and concrete to the merchants's area, if executed.
=510  4\$aCrace, John Gregory, A catalogue of maps, plans and views of London, Westminster and Southwark collected and arranged by Frederick Crace (1878),$cno. 67, p. 51
=651  \0$aLondon (England)$vMaps.
=651  \0$aRoyal Exchange (London, England)$vMaps.
=655  \7$aMaps.$2fast$0(OCoLC)fst01423704
=700  1\$aCrace, Frederick,$d1779-1859,$eformer owner.
=700  1\$aCrace, John Gregory,$d1809-1889,$edonor.
=852  41$aBritish Library$bMAPS$jMaps Crace Port. 8.67
=856  41$3Copy at Maps Crace Port. 8.67$uhttp://www.bl.uk/onlinegallery/onlineex/crace/p/007000000000008u00067000.html$yDigitised map
=985  \\$aRecord amended for WR1606-1727
=985  \\$aUpdated by MS generated file for WR2302-017
=CAT  \\$a12842$b40$c20120822$lBLL01$h1612
=CAT  \\$aWR13.117$c20130718$lBLL01$h1854
=CAT  \\$a12842$b40$c20131004$lBLL01$h1035
=CAT  \\$aW1606-1727$c20160825$lBLL01$h1742
=CAT  \\$aW2302-0174$c20230223$lBLL01$h1959
=FIN  \\$aY$d20120822
=FMT  \\$a  MP
=LAS  \\$aW2302-0174$b00$c20230223$lBLL01$h1959

