=LDR  02361cfm a2200517 a 4500
=001  016154074
=003  Uk
=005  20230223161631.0
=007  aj\canzn
=008  120822s1759\\\\enk||||||\a\\\\\0\\\eng|\
=034  0\$aa
=040  \\$aUk$beng$cUk$dUk
=042  \\$aukblsr
=082  04$a912.4212$223
=100  1\$aRobinson, William,$dactive 1748-1767.
=245  10$a[Plan of Gresham College ground in Old Broad Street] /$cW. R.
=255  \\$aScale not given.
=260  \\$c1759.
=300  \\$a1 map :$bhand col. ;$c47 x 32 cm
=336  \\$acartographic image$2rdacontent
=337  \\$aunmediated$2rdamedia
=338  \\$asheet$2rdacarrier
=500  \\$aPen and wash on paper with extensive additions in pencil in later hand.
=500  \\$aProperty boundaries outlined in red; dimensions of the premises given.
=500  \\$aGresham College ground become later the Excise Office site. The Gresham College remained in Gresham's mansion in Bishopsgate until 1768, and moved about London thereafter until the construction in 1842 of its own buildings in Gresham Street.
=510  4\$aCrace, John Gregory, A catalogue of maps, plans and views of London, Westminster and Southwark collected and arranged by Frederick Crace (1878),$cno. 68, p. 51
=650  \0$aArchitectural drawing$zEngland$zLondon$vMaps$vEarly works to 1800.
=651  \0$aLondon (England)$vMaps$vEarly works to 1800.
=655  \7$aEarly maps.$2fast$0(OCoLC)fst01752681
=700  1\$aCrace, Frederick,$d1779-1859,$eformer owner.
=700  1\$aCrace, John Gregory,$d1809-1889,$edonor.
=852  41$aBritish Library$bMAPS$jMaps Crace Port. 8.68.(1.)
=856  41$3Copy at Maps Crace Port. 8.68.(1.)$uhttp://www.bl.uk/onlinegallery/onlineex/crace/p/007000000000008u00068000.html$yDigitised map
=985  \\$aRecord amended for WR# 13/070
=985  \\$aRecord amended for WR1606-1727
=985  \\$aUpdated by MS generated file for WR2302-017
=CAT  \\$a12842$b40$c20120822$lBLL01$h1730
=CAT  \\$a12842$b40$c20120822$lBLL01$h1731
=CAT  \\$aWR13_070$b00$c20130504$lBLL01$h0339
=CAT  \\$aWR13.117$c20130718$lBLL01$h1854
=CAT  \\$a12842$b40$c20131004$lBLL01$h1042
=CAT  \\$aW1606-1727$c20160825$lBLL01$h1742
=CAT  \\$aW2302-0174$c20230223$lBLL01$h1959
=FIN  \\$aY$d20120822
=FMT  \\$a  MP
=LAS  \\$aW2302-0174$b00$c20230223$lBLL01$h1959

