=LDR  02008cem a2200469 a 4500
=001  016154390
=003  Uk
=005  20230223161631.0
=007  aj\canzn
=008  120823s1853\\\\enk||||||\a\\\\\0\\\eng|\
=034  0\$aa
=040  \\$aUk$beng$cUk$dUk
=042  \\$aukblsr
=082  04$a912.4212$223
=245  00$aPlan of the Excise Office in Old Broad Street. :$bReffered to in the particulars of sale /$cInland Revenue.
=255  \\$aScale not given.
=260  \\$a[London] :$bDay & Son Lithogr. to the Queen,$c31st March, 1853.
=300  \\$a1 map :$bcol. ;$c52 x 40 cm
=336  \\$acartographic image$2rdacontent
=337  \\$aunmediated$2rdamedia
=338  \\$asheet$2rdacarrier
=500  \\$aProperty boundaries outlined in brown. Each lot shown in different colour with dimensions of the premises given.
=510  4\$aCrace, John Gregory, A catalogue of maps, plans and views of London, Westminster and Southwark collected and arranged by Frederick Crace (1878),$cno. 70, p. 51
=510  4\$aFrench, Josephine. Tooley's dictionary of mapmakers A-D (1999),$cp. 343-344
=650  \0$aReal property$zEngland$zLondon$vMaps.
=651  \0$aLondon (England)$vMaps.
=655  \7$aMaps.$2fast$0(OCoLC)fst01423704
=700  1\$aCrace, Frederick,$d1779-1859,$eformer owner.
=700  1\$aCrace, John Gregory,$d1809-1889,$edonor.
=710  2\$aDay & Son.
=852  41$aBritish Library$bMAPS$jMaps Crace Port. 8.70
=856  41$3Copy at Maps Crace Port. 8.70$uhttp://www.bl.uk/onlinegallery/onlineex/crace/p/007000000000008u00070000.html$yDigitised map
=985  \\$aRecord amended for WR1606-1727
=985  \\$aUpdated by MS generated file for WR2302-017
=CAT  \\$a12842$b40$c20120823$lBLL01$h1301
=CAT  \\$aWR13.117$c20130718$lBLL01$h1854
=CAT  \\$a12842$b40$c20131004$lBLL01$h1048
=CAT  \\$aW1606-1727$c20160825$lBLL01$h1742
=CAT  \\$aW2302-0174$c20230223$lBLL01$h1959
=FIN  \\$aY$d20120823
=FMT  \\$a  MP
=LAS  \\$aW2302-0174$b00$c20230223$lBLL01$h1959

