=LDR  02474cfm a2200553 a 4500
=001  016154583
=003  Uk
=005  20230223161631.0
=007  aj\canzn
=008  120823q1840\\\\enk||||||\a\\\\\0\\\eng|\
=034  0\$aa
=040  \\$aUk$beng$cUk$dUk
=042  \\$aukblsr
=082  04$a912.4212$223
=245  00$aCopy of plan of Sir Jno. Houblon's house and garden from the Gough Collection in the Bodleian Library, Oxford.
=255  \\$aScale not given.
=260  \\$c[ca. 1840?]
=300  \\$a1 map :$bhand col. ;$c33 x 44 cm
=336  \\$acartographic image$2rdacontent
=337  \\$aunmediated$2rdamedia
=338  \\$asheet$2rdacarrier
=500  \\$aA tracing of the plan of Sir John Houblon's house in Threadneedle Street, the site of the present Bank of England building. This plan was copied from the original preserved in the Gough Collection in the Bodleian Library, Oxford.
=500  \\$aPencil and wash on tracing paper.
=500  \\$aSir John Houblon's property outlined in yellow. Dimensions, facilities and offices reported.
=500  \\$aNote at bottom left: Given by T. Getts to R. Gough, 7th Augst. 1731.
=510  4\$aCrace, John Gregory, A catalogue of maps, plans and views of London, Westminster and Southwark collected and arranged by Frederick Crace (1878),$cno. 72, p. 52
=610  20$aBank of England.
=651  \0$aCity of London (England)$vMaps.
=651  \0$aLondon (England)$vMaps.
=655  \7$aMaps.$2fast$0(OCoLC)fst01423704
=700  1\$aCrace, Frederick,$d1779-1859,$eformer owner.
=700  1\$aCrace, John Gregory,$d1809-1889,$edonor.
=700  1\$aHoublon, John,$cSir,$d-1712.
=852  41$aBritish Library$bMAPS$jMaps Crace Port. 8.72
=856  41$3Copy at Maps Crace Port. 8.72$uhttp://www.bl.uk/onlinegallery/onlineex/crace/c/007000000000008u00072000.html$yDigitised map
=985  \\$aRecord amended for WR# 13/070
=985  \\$aRecord amended for WR1606-1727
=985  \\$aUpdated by MS generated file for WR2302-017
=CAT  \\$a12842$b40$c20120823$lBLL01$h1618
=CAT  \\$a12842$b40$c20120823$lBLL01$h1632
=CAT  \\$a12842$b40$c20121004$lBLL01$h1510
=CAT  \\$aWR13_070$b00$c20130504$lBLL01$h0339
=CAT  \\$aWR13.117$c20130718$lBLL01$h1854
=CAT  \\$a12842$b40$c20131004$lBLL01$h1058
=CAT  \\$aW1606-1727$c20160825$lBLL01$h1742
=CAT  \\$aW2302-0174$c20230223$lBLL01$h1959
=FIN  \\$aY$d20120823
=FMT  \\$a  MP
=LAS  \\$aW2302-0174$b00$c20230223$lBLL01$h1959

