=LDR  02242cem a2200517 a 4500
=001  016154821
=003  Uk
=005  20230223161632.0
=007  aj\aanzn
=008  120824s1851\\\\enk||||||\a\\\\\0\\\eng|\
=034  0\$aa
=040  \\$aUk$beng$cUk$dUk
=042  \\$aukblsr
=082  04$a912.421$223
=100  1\$aWeale, John,$d1791-1862.
=245  10$aGround plan of the Bank of England. :$bCopied from drawing in Sir John Soane's Museum /$cby John Weale.
=255  \\$aScale not given.
=260  \\$a[London :$bpublished by John Weale],$c1851.
=300  \\$a1 map ;$c18 x 21 cm
=336  \\$acartographic image$2rdacontent
=337  \\$aunmediated$2rdamedia
=338  \\$asheet$2rdacarrier
=500  \\$aFrom London exhibited in 1851, elucidating its natural and physical characteristics ... edited and published by J. Weale; imprint taken from the title page.
=500  \\$aSupplies ground plan of the Bank of England; index to offices at top left.
=510  4\$aCrace, John Gregory, A catalogue of maps, plans and views of London, Westminster and Southwark collected and arranged by Frederick Crace (1878),$cno. 75, p. 52
=610  20$aBank of England.
=650  \0$aPublic buildings$zEngland$zLondon$vDesigns and plans$vMaps.
=651  \0$aLondon (England)$vMaps.
=655  \7$aMaps.$2fast$0(OCoLC)fst01423704
=700  1\$aCrace, Frederick,$d1779-1859,$eformer owner.
=700  1\$aCrace, John Gregory,$d1809-1889,$edonor.
=852  41$aBritish Library$bMAPS$jMaps Crace Port. 8.75
=856  41$3Copy at Maps Crace Port. 8.75$uhttp://www.bl.uk/onlinegallery/onlineex/crace/g/007000000000008u00075000.html$yDigitised map
=985  \\$aRecord amended for WR1606-1727
=985  \\$aUpdated by MS generated file for WR2302-017
=CAT  \\$a12842$b40$c20120824$lBLL01$h1313
=CAT  \\$a12842$b40$c20120824$lBLL01$h1314
=CAT  \\$aWR13.117$c20130718$lBLL01$h1854
=CAT  \\$a12842$b40$c20131004$lBLL01$h1104
=CAT  \\$aBATCH-UPD$b40$c20160224$lBLL01$h1705
=CAT  \\$aW1606-1727$c20160825$lBLL01$h1742
=CAT  \\$aBATCH-UPD$b00$c20200725$lBLL01$h1736
=CAT  \\$aW2302-0174$c20230223$lBLL01$h1959
=FIN  \\$aY$d20120824
=FMT  \\$a  MP
=LAS  \\$aW2302-0174$b00$c20230223$lBLL01$h1959

