=LDR  02833cfm a2200553 a 4500
=001  016154860
=003  Uk
=005  20221204190229.0
=007  aj\aanzn
=008  120824s1819\\\\xx\||||||\a\\\\\0\\\eng|\
=034  1\$aa$dW0015428$eW0015432$fN0513057$gN0513053$2bound
=040  \\$aUk$beng$cUk$dUk
=042  \\$aukblsr
=082  04$a912.421$223
=100  1\$aSchnebbelie, Robert Bremmel,$d-approximately 1849.
=245  10$a[Plan of Blackwell Hall, chapel & property adjoining in King St & Basinghall Street] /$cRobert Blemmell Schnebbelie Del.
=255  \\$aScale not given$c(W 1°54'28"--W 1°54'32"/N 51°30'57"--N 51°30'53").
=260  \\$cOct. 1819.
=300  \\$a1 map ;$c14 x 23 cm
=336  \\$acartographic image$2rdacontent
=337  \\$aunmediated$2rdamedia
=338  \\$asheet$2rdacarrier
=500  \\$aPen and ink with wash on paper. Signed and dated upper right.
=500  \\$aTitle taken from pen annotation above plan.
=500  \\$aIndicates street numbers and in some cases property dimensions and the names of tenants, businesses, etc.
=500  \\$aBlackwell Hall was rebuilt after the Great Fire of London; it was demolished along with the chapel in 1820 to make way for the Bankruptcy Court.
=510  4\$aCrace, John Gregory, A catalogue of maps, plans and views of London, Westminster and Southwark collected and arranged by Frederick Crace (1878),$cno. 77, p. 52
=520  \\$aBuilt in 1588 on the site of a 14th-century wool market, Blackwell Hall was destroyed in the fire of 1666 and rebuilt in 1670. It was finally demolished in 1820 to make way for the Bankruptcy Court referred to in the title. This small topographical drawing features a scale bar at bottom right.
=650  \0$aPublic buildings$zEngland$zLondon$vDesigns and plans$vMaps.
=651  \0$aLondon (England)$vMaps.
=700  1\$aCrace, Frederick,$d1779-1859,$eformer owner.
=700  1\$aCrace, John Gregory,$d1809-1889,$edonor.
=852  41$aBritish Library$bMAPS$jMaps Crace Port. 8.76
=856  41$3Copy at Maps Crace Port. 8.76$uhttp://www.bl.uk/onlinegallery/onlineex/crace/other/007000000000008u00076000.html$yDigitised map
=985  \\$aUpgraded from BL georeferencer data 2022-11-17.
=985  \\$aRecord amended for WR# 13/070
=985  \\$aRecord amended for WR1606-1727
=CAT  \\$a12842$b40$c20120824$lBLL01$h1524
=CAT  \\$a12842$b40$c20120824$lBLL01$h1526
=CAT  \\$a12842$b40$c20120824$lBLL01$h1543
=CAT  \\$aWR13_070$b00$c20130504$lBLL01$h0339
=CAT  \\$aWR13.117$c20130718$lBLL01$h1854
=CAT  \\$a12842$b40$c20131004$lBLL01$h1105
=CAT  \\$aW1606-1727$c20160825$lBLL01$h1742
=CAT  \\$a14185$b40$c20221201$lBLL01$h1745
=CAT  \\$a14185$b40$c20221204$lBLL01$h1902
=FIN  \\$aY$d20120824
=FMT  \\$a  MP
=LAS  \\$a14185$b40$c20221204$lBLL01$h1902

