=LDR  02360cfm a2200541 a 4500
=001  016154869
=003  Uk
=005  20230223161632.0
=007  aj\aanzn
=008  120824s1819\\\\xx\||||||\a\\\\\0\\\eng|\
=034  0\$aa
=040  \\$aUk$beng$cUk$dUk
=042  \\$aukblsr
=082  04$a912.4212$223
=100  1\$aSchnebbelie, Robert Bremmel,$d-approximately 1849.
=245  10$a[Plan of Blackwell Hall, King Street & Basinghall Lane] /$cRobert Blemmell Schnebbelie.
=255  \\$aScale not given.
=260  \\$c1819.
=300  \\$a1 map ;$c23 x 38 cm
=336  \\$acartographic image$2rdacontent
=337  \\$aunmediated$2rdamedia
=338  \\$asheet$2rdacarrier
=500  \\$aPen and ink with wash on paper with additions in pencil in later hand. Signed and dated lower centre.
=500  \\$aTitle taken from pen annotation above plan.
=500  \\$aDimensions and names of offices reported.
=500  \\$aBlackwell Hall was rebuilt after the Great Fire of London; it was demolished along with the chapel in 1820 to make way for the Bankruptcy Court.
=510  4\$aCrace, John Gregory, A catalogue of maps, plans and views of London, Westminster and Southwark collected and arranged by Frederick Crace (1878),$cno. 76, p. 52
=650  \0$aPublic buildings$zEngland$zLondon$vDesigns and plans$vMaps.
=651  \0$aLondon (England)$vMaps.
=655  \7$aMaps.$2fast$0(OCoLC)fst01423704
=700  1\$aCrace, Frederick,$d1779-1859,$eformer owner.
=700  1\$aCrace, John Gregory,$d1809-1889,$edonor.
=852  41$aBritish Library$bMAPS$jMaps Crace Port. 8.77
=856  41$3Copy at Maps Crace Port. 8.77$uhttp://www.bl.uk/onlinegallery/onlineex/crace/other/007000000000008u00077000.html$yDigitised map
=985  \\$aRecord amended for WR# 13/070
=985  \\$aRecord amended for WR1606-1727
=985  \\$aUpdated by MS generated file for WR2302-017
=CAT  \\$a12842$b40$c20120824$lBLL01$h1551
=CAT  \\$a12842$b40$c20120824$lBLL01$h1629
=CAT  \\$aWR13_070$b00$c20130504$lBLL01$h0339
=CAT  \\$aWR13.117$c20130718$lBLL01$h1854
=CAT  \\$a12842$b40$c20131004$lBLL01$h1107
=CAT  \\$a12842$b40$c20131004$lBLL01$h1109
=CAT  \\$aW1606-1727$c20160825$lBLL01$h1742
=CAT  \\$aW2302-0174$c20230223$lBLL01$h1959
=FIN  \\$aY$d20120824
=FMT  \\$a  MP
=LAS  \\$aW2302-0174$b00$c20230223$lBLL01$h1959

