=LDR  02297cfm a2200493 a 4500
=001  016155340
=003  Uk
=005  20230223161632.0
=007  aj\canzn
=008  120828s1815\\\\enk||||||\a\\\\\0\\\eng|\
=034  0\$aa
=040  \\$aUk$beng$cUk$dUk
=042  \\$aukblsr
=082  04$a912.421$223
=100  1\$aCooper, William.
=245  12$aA draught or plann of the ground & buildings as they are now erected belonging to the parish of St Mary Aldermanbury :$bsurvey'd & measured anno dom. 1726 /$cby Wm. Cooper.
=255  \\$aScale not given.
=260  \\$aLondon :$bCopied by J. Baker sureveyor to the parish of St Mary Aldermanbury,$cMarch 22, 1815.
=300  \\$a1 map :$bhand col. ;$c83 x 62 cm
=336  \\$acartographic image$2rdacontent
=337  \\$aunmediated$2rdamedia
=338  \\$asheet$2rdacarrier
=500  \\$aPen and ink with wash on paper. Signed and dated upper right.
=500  \\$aCopied from original William Cooper's survey of 1726.
=500  \\$aIncludes reference table to identify lettered properties at upper right.
=510  4\$aCrace, John Gregory, A catalogue of maps, plans and views of London, Westminster and Southwark collected and arranged by Frederick Crace (1878),$cno. 79, pp. 52-53
=650  \0$aPublic buildings$zEngland$zLondon$vDesigns and plans$vMaps$vEarly works to 1800.
=651  \0$aLondon (England)$vMaps$vEarly works to 1800.
=651  \0$aSt. Mary Aldermanbury (Church : London, England)$vMaps$vEarly works to 1800.
=655  \7$aEarly maps.$2fast$0(OCoLC)fst01752681
=700  1\$aCrace, Frederick,$d1779-1859,$eformer owner.
=700  1\$aCrace, John Gregory,$d1809-1889,$edonor.
=852  41$aBritish Library$bMAPS$jMaps Crace Port. 8.79
=856  41$3Copy at Maps Crace Port. 8.79$uhttp://www.bl.uk/onlinegallery/onlineex/crace/a/007000000000008u00079000.html$yDigitised map
=985  \\$aRecord amended for WR1606-1727
=985  \\$aUpdated by MS generated file for WR2302-017
=CAT  \\$a12842$b40$c20120828$lBLL01$h1202
=CAT  \\$aWR13.117$c20130718$lBLL01$h1854
=CAT  \\$a12842$b40$c20131004$lBLL01$h1111
=CAT  \\$aW1606-1727$c20160825$lBLL01$h1742
=CAT  \\$aW2302-0174$c20230223$lBLL01$h1959
=FIN  \\$aY$d20120828
=FMT  \\$a  MP
=LAS  \\$aW2302-0174$b00$c20230223$lBLL01$h1959

