=LDR  02267cem a2200505 a 4500
=001  016155384
=003  Uk
=005  20230223161632.0
=007  aj\aanzn
=008  120828s1814\\\\enk||||||\a\\\\\0\\\eng|\
=034  0\$aa
=040  \\$aUk$beng$cUk$dUk
=042  \\$aukblsr
=082  04$a912.421$223
=245  02$aA ground plan of the College of Physicians in Warwick Lane London built after the great fire in 1666 :$bpresented to the President and Fellows /$cby their humble servant W. M. in 1814.
=255  \\$aScale not given.
=260  \\$c1814.
=300  \\$a1 map ;$c40 x 31 cm
=336  \\$acartographic image$2rdacontent
=337  \\$aunmediated$2rdamedia
=338  \\$asheet$2rdacarrier
=500  \\$aNew building of the Royal College of Physicians opened in 1675, was designed by Robert Hooke.
=500  \\$aBelow plan: This space (under the above line) the College sold to the Corporation of London June 25th 1770 and on it part of the Prison of Newgate now stands.
=510  4\$aCrace, John Gregory, A catalogue of maps, plans and views of London, Westminster and Southwark collected and arranged by Frederick Crace (1878),$cno. 80, p. 53
=610  20$aRoyal College of Physicians of London.
=650  \0$aPublic buildings$zEngland$zLondon$vMaps.
=650  \0$aArchitectural drawing$zEngland$zLondon$vMaps.
=651  \0$aLondon (England)$vMaps.
=655  \7$aMaps.$2fast$0(OCoLC)fst01423704
=700  1\$aCrace, Frederick,$d1779-1859,$eformer owner.
=700  1\$aCrace, John Gregory,$d1809-1889,$edonor.
=700  1\$aHooke, Robert,$d1635-1703.
=852  41$aBritish Library$bMAPS$jMaps Crace Port. 8.80
=856  41$3Copy at Maps Crace Port. 8.80$uhttp://www.bl.uk/onlinegallery/onlineex/crace/a/007000000000008u00080000.html$yDigitised map
=985  \\$aRecord amended for WR1606-1727
=985  \\$aUpdated by MS generated file for WR2302-017
=CAT  \\$a12842$b40$c20120828$lBLL01$h1339
=CAT  \\$aWR13.117$c20130718$lBLL01$h1854
=CAT  \\$a12842$b40$c20131004$lBLL01$h1114
=CAT  \\$a12842$b40$c20131004$lBLL01$h1118
=CAT  \\$aW1606-1727$c20160825$lBLL01$h1742
=CAT  \\$aW2302-0174$c20230223$lBLL01$h1959
=FIN  \\$aY$d20120828
=FMT  \\$a  MP
=LAS  \\$aW2302-0174$b00$c20230223$lBLL01$h1959

