=LDR  02052cfm a2200505 a 4500
=001  016157525
=003  Uk
=005  20230223161633.0
=007  aj\canzn
=008  120829q\\\\1823enk||||||\a\\\\\0\\\eng|\
=034  0\$aa
=040  \\$aUk$beng$cUk$dUk
=042  \\$aukblsr
=082  04$a912.421$223
=245  00$aPlan of Newgate and the College of Physicians.
=255  \\$aScale not given.
=260  \\$a[London,$cca. 1823]
=300  \\$a1 map :$bhand col. ;$c37 x 46 cm
=336  \\$acartographic image$2rdacontent
=337  \\$aunmediated$2rdamedia
=338  \\$asheet$2rdacarrier
=500  \\$aPen and ink with wash on paper.
=500  \\$aNote in bottom margin: Recd. from S. Ware, Esq., 9 Octr. 1823.
=500  \\$aBuilding of the College of Physicians coloured in red, Newgate Prison in grey.
=510  4\$aCrace, John Gregory, A catalogue of maps, plans and views of London, Westminster and Southwark collected and arranged by Frederick Crace (1878),$cno. 82, p. 53
=610  20$aRoyal College of Physicians of London.
=610  20$aNewgate (Prison : London, England)
=650  \0$aPublic buildings$zEngland$zLondon$vMaps.
=650  \0$aArchitectural drawing$zEngland$zLondon$vMaps.
=651  \0$aLondon (England)$vMaps.
=655  \7$aMaps.$2fast$0(OCoLC)fst01423704
=700  1\$aCrace, Frederick,$d1779-1859,$eformer owner.
=700  1\$aCrace, John Gregory,$d1809-1889,$edonor.
=852  41$aBritish Library$bMAPS$jMaps Crace Port. 8.82
=856  41$3Copy at Maps Crace Port. 8.82$uhttp://www.bl.uk/onlinegallery/onlineex/crace/p/007000000000008u00082000.html$yDigitised map
=985  \\$aRecord amended for WR1606-1727
=985  \\$aUpdated by MS generated file for WR2302-017
=CAT  \\$a12842$b40$c20120829$lBLL01$h1401
=CAT  \\$aWR13.117$c20130718$lBLL01$h1854
=CAT  \\$a12842$b40$c20131004$lBLL01$h1123
=CAT  \\$aW1606-1727$c20160825$lBLL01$h1742
=CAT  \\$aW2302-0174$c20230223$lBLL01$h1959
=FIN  \\$aY$d20120829
=FMT  \\$a  MP
=LAS  \\$aW2302-0174$b00$c20230223$lBLL01$h1959

