=LDR  02095cem a2200493 a 4500
=001  016157853
=003  Uk
=005  20230223161633.0
=007  aj\aanzn
=008  120830q1780\\\\xx\||||||\a\\\\\0\\\eng|\
=034  0\$aa
=040  \\$aUk$beng$cUk$dUk
=042  \\$aukblsr
=082  04$a912.421$223
=245  00$aNewgate.
=255  \\$aScale not given.
=260  \\$c[ca. 1780]
=300  \\$a1 map ;$c21 x 31 cm
=336  \\$acartographic image$2rdacontent
=337  \\$aunmediated$2rdamedia
=338  \\$asheet$2rdacarrier
=500  \\$aDate taken from A catalogue of maps, plans and views of London, Westminster and Southwark collected and arranged by Frederick Crace, 1878.
=500  \\$aSupplies ground plan and elevation of the Newgate Prison; index at left and right centre.
=500  \\$aNew site of Newgate Prison completed and opened in 1784, was designed by George Dance.
=510  4\$aCrace, John Gregory, A catalogue of maps, plans and views of London, Westminster and Southwark collected and arranged by Frederick Crace (1878),$cno. 84, p. 53
=610  20$aNewgate (Prison : London, England)
=650  \0$aPublic buildings$zEngland$zLondon$xBuildings, structures, etc.$vMaps.
=651  \0$aLondon (England)$vMaps.
=655  \7$aMaps.$2fast$0(OCoLC)fst01423704
=700  1\$aCrace, Frederick,$d1779-1859,$eformer owner.
=700  1\$aCrace, John Gregory,$d1809-1889,$edonor.
=852  41$aBritish Library$bMAPS$jMaps Crace Port. 8.84
=856  41$3Copy at Maps Crace Port. 8.84$uhttp://www.bl.uk/onlinegallery/onlineex/crace/n/007000000000008u00084000.html$yDigitised map
=985  \\$aRecord amended for WR1606-1727
=985  \\$aUpdated by MS generated file for WR2302-017
=CAT  \\$a12842$b40$c20120830$lBLL01$h1128
=CAT  \\$a12842$b40$c20120830$lBLL01$h1136
=CAT  \\$aWR13.117$c20130718$lBLL01$h1854
=CAT  \\$a12842$b40$c20131004$lBLL01$h1126
=CAT  \\$aW1606-1727$c20160825$lBLL01$h1742
=CAT  \\$aW2302-0174$c20230223$lBLL01$h1959
=FIN  \\$aY$d20120830
=FMT  \\$a  MP
=LAS  \\$aW2302-0174$b00$c20230223$lBLL01$h1959

