=LDR  02401cem a2200517 a 4500
=001  016157993
=003  Uk
=005  20230223161633.0
=007  aj\aanzn
=008  120830s1838\\\\enk||||||\a\\\\\0\\\eng|\
=034  0\$aa
=040  \\$aUk$beng$cUk$dUk
=042  \\$aukblsr
=082  04$a912.4212$223
=100  1\$aBasire, James,$d1796-1869.
=245  10$aLondon gaol of Newgate, :$bplan ground story. /$cOffice of Works Guildhall, Novr. 1837 ; J. Basire lith.
=255  \\$aScale not given.
=260  \\$a[London],$cMarch 1838.
=300  \\$a1 map ;$c30 x 61 cm
=336  \\$acartographic image$2rdacontent
=337  \\$aunmediated$2rdamedia
=338  \\$asheet$2rdacarrier
=500  \\$aSupplies ground plan of Newgate Prison with sections indicated and underlined in red ink; some areas coloured pink.
=500  \\$aNumber of male and female wards and number of inmates per ward reported at upper right.
=500  \\$aTop margin, right corner: GAOLS - Reports and Schedules (B) 4th & 5th Geo. IV, 1.
=510  4\$aCrace, John Gregory, A catalogue of maps, plans and views of London, Westminster and Southwark collected and arranged by Frederick Crace (1878),$cno. 85, p. 53
=510  4\$aWorms, Laurence, Baynton-Williams, Ashley. British map engravers: a dictionary of engravers, lithographers and their principal employers,$bto 1850,$cp. 56-57
=610  20$aNewgate (Prison : London, England)
=650  \0$aPublic buildings$zEngland$zLondon$xBuildings, structures, etc.$vMaps.
=651  \0$aLondon (England)$vMaps.
=655  \7$aMaps.$2fast$0(OCoLC)fst01423704
=700  1\$aCrace, Frederick,$d1779-1859,$eformer owner.
=700  1\$aCrace, John Gregory,$d1809-1889,$edonor.
=852  41$aBritish Library$bMAPS$jMaps Crace Port. 8.85.(2.)
=856  41$3Copy at Maps Crace Port. 8.85.(2.)$uhttp://www.bl.uk/onlinegallery/onlineex/crace/l/007000000000008u000850b0.html$yDigitised map
=985  \\$aRecord amended for WR1606-1727
=985  \\$aUpdated by MS generated file for WR2302-017
=CAT  \\$a12842$b40$c20120830$lBLL01$h1425
=CAT  \\$a12842$b40$c20120830$lBLL01$h1822
=CAT  \\$aWR13.117$c20130718$lBLL01$h1854
=CAT  \\$a12842$b40$c20131004$lBLL01$h1130
=CAT  \\$aW1606-1727$c20160825$lBLL01$h1742
=CAT  \\$aW2302-0174$c20230223$lBLL01$h1959
=FIN  \\$aY$d20120830
=FMT  \\$a  MP
=LAS  \\$aW2302-0174$b00$c20230223$lBLL01$h1959

