=LDR  02377cem a2200505 a 4500
=001  016158156
=003  Uk
=005  20230223161633.0
=007  aj\aanzn
=008  120830s1819\\\\enk||||||\a\\\\\0\\\eng|\
=034  0\$aa
=040  \\$aUk$beng$cUk$dUk
=042  \\$aukblsr
=082  04$a912.4212$223
=100  1\$aWyld, James,$d1790-1836.
=245  10$aPlan for converting Giltspur Street Compter into a House of Correction /$cdrawn by J. Wyld.
=255  \\$aScale not given.
=260  \\$a[London] :$bprinted at the Lithographic Press, Quarter Mast. Genls. Office, Horse Guards,$cJuly 1st, 1819.
=300  \\$a1 map ;$c36 x 37 cm
=336  \\$acartographic image$2rdacontent
=337  \\$aunmediated$2rdamedia
=338  \\$asheet$2rdacarrier
=500  \\$aGround plan with sections indicated and lettered for reference, lacking index.
=500  \\$aThe Giltspur Street Compter opened in 1791 was situated in Giltspur Street, Smithfield, close to Newgate. The prison building was closed in 1853 and demolished in 1854, the site being later occupied by the King Edward Buildings Royal Mail Sorting Office.
=510  4\$aCrace, John Gregory, A catalogue of maps, plans and views of London, Westminster and Southwark collected and arranged by Frederick Crace (1878),$cno. 86, p. 53
=510  4\$aScott, Valerie. Tooley's dictionary of mapmakers Q-Z (2004),$bpp. 415-417
=650  \0$aPublic buildings$zEngland$zLondon$vMaps.
=651  \0$aLondon (England)$vMaps.
=655  \7$aMaps.$2fast$0(OCoLC)fst01423704
=700  1\$aCrace, Frederick,$d1779-1859,$eformer owner.
=700  1\$aCrace, John Gregory,$d1809-1889,$edonor.
=852  41$aBritish Library$bMAPS$jMaps Crace Port. 8.86
=856  41$3Copy at Maps Crace Port. 8.86$uhttp://www.bl.uk/onlinegallery/onlineex/crace/p/007000000000008u00086000.html$yDigitised map
=985  \\$aRecord amended for WR1606-1727
=985  \\$aUpdated by MS generated file for WR2302-017
=CAT  \\$a12842$b40$c20120830$lBLL01$h1817
=CAT  \\$a12842$b40$c20120830$lBLL01$h1823
=CAT  \\$a12842$b40$c20130115$lBLL01$h1258
=CAT  \\$aWR13.117$c20130718$lBLL01$h1854
=CAT  \\$a12842$b40$c20131004$lBLL01$h1133
=CAT  \\$aW1606-1727$c20160825$lBLL01$h1742
=CAT  \\$aW2302-0174$c20230223$lBLL01$h1959
=FIN  \\$aY$d20120830
=FMT  \\$a  MP
=LAS  \\$aW2302-0174$b00$c20230223$lBLL01$h1959

