=LDR  02789cem a2200541 a 4500
=001  016158382
=003  Uk
=005  20230223161633.0
=007  aj\aanzn
=008  120831s1657\\\\enk||||||\a\\\\\1\\\eng|\
=034  0\$aa
=040  \\$aUk$beng$cUk$dUk
=042  \\$aukblsr
=082  04$a912.4212$223
=100  1\$aHollar, Wenceslaus,$d1607-1677.
=245  10$aAreae ecclesiae Cathedralis Sti. Pauli ichonographia /$cWenceslaus Hollar dimensit, delineavit, et aqua forti aeri insulpsit.
=255  \\$aScale not given.
=260  \\$a[London],$c1657.
=300  \\$a1 map ;$c24 x 35 cm
=336  \\$acartographic image$2rdacontent
=337  \\$aunmediated$2rdamedia
=338  \\$asheet$2rdacarrier
=500  \\$a1st state; from The history of St. Paul's cathedral in London ..., by Sir William Dugdale, 1658. 2nd state has '161' erassed from upper left corner and 'P. 127' added in lower left corner. For the 1716 ed. new plate was engraved by John Harris.
=500  \\$aIncludes table of reference mostly to the tombs, upper portion of plate and lower left.
=500  \\$aCoat of arms with a Latin dedication by Edward Bysshe, lower right.
=510  4\$aCrace, John Gregory, A catalogue of maps, plans and views of London, Westminster and Southwark collected and arranged by Frederick Crace (1878),$cno. 87, p. 53
=510  4\$aFrench, Josephine. Tooley's dictionary of mapmakers E-J (2001),$cp. 355
=510  4\$aPennington, Richard. A descriptive catalogue of the etched work of Wenceslaus Hollar 1607-1677 (1982),$cno. 1016, p. 177
=510  4\$aWorms, Laurence, Baynton-Williams, Ashley. British map engravers: a dictionary of engravers, lithographers and their principal employers,$bto 1850,$cpp. 325-327
=610  20$aSt. Paul's Cathedral (London, England)
=650  \0$aChurches$zEngland$zLondon$vMaps$vEarly works to 1800.
=651  \0$aCity of London (England)$vMaps$vEarly works to 1800.
=651  \0$aLondon (England)$vMaps$vEarly works to 1800.
=655  \7$aEarly maps.$2fast$0(OCoLC)fst01752681
=700  1\$aCrace, Frederick,$d1779-1859,$eformer owner.
=700  1\$aCrace, John Gregory,$d1809-1889,$edonor.
=852  41$aBritish Library$bMAPS$jMaps Crace Port. 8.87
=856  41$3Copy at Maps Crace Port. 8.87$uhttp://www.bl.uk/onlinegallery/onlineex/crace/a/007000000000008u00087000.html$yDigitised map
=985  \\$aRecord amended for WR1606-1727
=985  \\$aUpdated by MS generated file for WR2302-017
=CAT  \\$a12842$b40$c20120831$lBLL01$h1054
=CAT  \\$aWR13.117$c20130718$lBLL01$h1854
=CAT  \\$a12842$b40$c20131004$lBLL01$h1138
=CAT  \\$aW1606-1727$c20160825$lBLL01$h1743
=CAT  \\$aW2302-0174$c20230223$lBLL01$h1959
=FIN  \\$aY$d20120831
=FMT  \\$a  MP
=LAS  \\$aW2302-0174$b00$c20230223$lBLL01$h1959

