=LDR  03287cem a2200625 a 4500
=001  016158460
=003  Uk
=005  20230223161633.0
=007  aj\aanzn
=008  120831s1726\\\\enk||||||\a\\\\\0\\\eng|\
=034  0\$aa
=040  \\$aUk$beng$cUk$dUk
=042  \\$aukblsr
=082  04$a912.4212$223
=100  1\$aHulsberg, Henry,$d-1729.
=245  10$aPlan of the Cathedral Church of St. Paul in London with the vestiges of the vaults, and peristyle of the dome. /$cH. Hulsbergh sculp.
=246  11$aIchonographia Basilicae, D. Pauli, cum vestigiis cryptarum, etperistylii tholi
=255  \\$aScale not given.
=260  \\$a[London] :$bprinted for Sam. Harding in St Martin's Lane, Dan Browne near Temple Bar & Wm. Bathoe in Church Lane near St Martin's Church in the Strand,$c1726.
=300  \\$a1 map ;$c75 x 53 cm
=336  \\$acartographic image$2rdacontent
=337  \\$aunmediated$2rdamedia
=338  \\$asheet$2rdacarrier
=500  \\$aGround plan of the St Paul's Cathedral with list of references in Latin and English, left and right margin.
=500  \\$aIncludes inset: Ichonographia Summi Altaris (designati) et partis chori, upper left.
=500  \\$aUpper right corner: Tab. 9.
=500  \\$aNote below title: This mighty fabrick the principal ornament of the greatest & mst. opulent City on Earth was designed, begun & happily finished by Sr. Christopher Wren Knt. The work of one man.
=500  \\$aSt Paul's Cathedral was rebuilt after the Great Fire to design of Sir Christopher Wren, and was completed in 1710.
=510  4\$aCrace, John Gregory, A catalogue of maps, plans and views of London, Westminster and Southwark collected and arranged by Frederick Crace (1878),$cno. 88, p. 54
=510  4\$aFrench, Josephine. Tooley's dictionary of mapmakers E-J (2001),$cp. 266
=510  4\$aWhitfield, Peter. London: a life in maps (2006),$cp. 70
=510  4\$aWorms, Laurence, Baynton-Williams, Ashley. British map engravers: a dictionary of engravers, lithographers and their principal employers,$bto 1850,$cpp. 334-335
=610  20$aSt. Paul's Cathedral (London, England)
=651  \0$aLondon (England)$vMaps$vEarly works to 1800.
=655  \7$aEarly maps.$2fast$0(OCoLC)fst01752681
=700  1\$aCrace, Frederick,$d1779-1859,$eformer owner.
=700  1\$aCrace, John Gregory,$d1809-1889,$edonor.
=700  1\$aHarding, Samuel,$d-1755,$epublisher.
=700  1\$aWren, Christopher,$cSir,$d1632-1723.
=852  41$aBritish Library$bMAPS$jMaps Crace Port. 8.88
=856  41$3Copy at Maps Crace Port. 8.88$uhttp://www.bl.uk/onlinegallery/onlineex/crace/s/007000000000008u00088000.html$yDigitised map
=985  \\$aRecord amended for WR# 13/070
=985  \\$aRecord amended for WR1606-1727
=985  \\$aUpdated by MS generated file for WR2302-017
=CAT  \\$a12842$b40$c20120831$lBLL01$h1338
=CAT  \\$a12842$b40$c20120831$lBLL01$h1350
=CAT  \\$a12842$b40$c20120831$lBLL01$h1408
=CAT  \\$aWR13_070$b00$c20130504$lBLL01$h0339
=CAT  \\$aWR13.117$c20130718$lBLL01$h1854
=CAT  \\$a12842$b40$c20131004$lBLL01$h1141
=CAT  \\$aW1606-1727$c20160825$lBLL01$h1743
=CAT  \\$aW2302-0174$c20230223$lBLL01$h1959
=FIN  \\$aY$d20120831
=FMT  \\$a  MP
=LAS  \\$aW2302-0174$b00$c20230223$lBLL01$h1959

