=LDR  03344cfm a2200637 a 4500
=001  016160636
=003  Uk
=005  20230223161633.0
=007  aj\canzn
=008  120903q1750\\\\enk||||||\a\\\\\0\\\eng|\
=034  1\$aa$dW0015352$eW0015407$fN0513100$gN0513054$2bound
=040  \\$aUk$beng$cUk$dUk
=042  \\$aukblsr
=082  04$a912.4212$223
=245  00$a[Plan of the Greyfriars, Newgate Street].
=255  \\$aScale not given$c(W 1°53'52"--W 1°54'07"/N 51°31'00"--N 51°30'54").
=260  \\$c[ca. 1750]
=300  \\$a1 map :$bhand col. ;$c37 x 50 cm
=336  \\$acartographic image$2rdacontent
=337  \\$aunmediated$2rdamedia
=338  \\$asheet$2rdacarrier
=500  \\$aPen and ink with wash on paper with additions in pencil in later hand.
=500  \\$aTenants' and those of the abutting owners names reported; buildings shown in elevation.
=500  \\$aA 18th century copy of plan from about 1610 produced by Ralph Treswell.
=500  \\$aMS. note below plan: From the Stow Collection, 1849, F. C.
=510  4\$aCrace, John Gregory, A catalogue of maps, plans and views of London, Westminster and Southwark collected and arranged by Frederick Crace (1878),$cno. 89, p. 54,
=510  4\$aSchofield, John. The London surveys of Ralph Treswell (1987),$cpp. 2-8
=520  \\$aThis is an 18th-Century copy of Ralph Treswell's 1610 survey of the Precinct of Grey Friars. Although better known as painter in his lifetime, Ralph Treswell was also a mapmaker and one of the first land surveyors of the modern era. The plan features compass star at top centre. The London Wall, Christ Church and Cloisters, private tenements, and the market on Newgate Street are all shown pictorially.
=610  20$aChrist's Hospital (London, England)
=650  \0$aArchitectural drawing$zEngland$zLondon$vMaps$vEarly works to 1800.
=650  \0$aReal property$zEngland$zLondon$vMaps$vEarly works to 1800.
=651  \0$aFarringdon Within Ward (London, England)$vMaps$vEarly works to 1800.
=651  \0$aChrist Church Greyfriars (London, England)$vMaps$vEarly works to 1800.
=651  \0$aCity of London (England)$vMaps$vEarly works to 1800.
=651  \0$aLondon (England)$vMaps$vEarly works to 1800.
=655  \7$aEarly maps.$2fast$0(OCoLC)fst01752681
=700  1\$aCrace, Frederick,$d1779-1859,$eformer owner.
=700  1\$aCrace, John Gregory,$d1809-1889,$edonor.
=700  1\$aTreswell, Ralph,$d1540?-1616.
=852  41$aBritish Library$bMAPS$jMaps Crace Port. 8.89
=856  41$3Copy at Maps Crace Port. 8.89$uhttp://www.bl.uk/onlinegallery/onlineex/crace/other/007000000000008u00089000.html$yDigitised map
=985  \\$aUpgraded from BL georeferencer data 2022-11-17.
=985  \\$aRecord amended for WR1606-1727
=985  \\$aUpdated by MS generated file for WR2302-017
=CAT  \\$a12842$b40$c20120903$lBLL01$h1222
=CAT  \\$a12842$b40$c20120903$lBLL01$h1311
=CAT  \\$a12842$b40$c20120903$lBLL01$h1604
=CAT  \\$aWR13.117$c20130718$lBLL01$h1854
=CAT  \\$a12842$b40$c20131004$lBLL01$h1145
=CAT  \\$aW1606-1727$c20160825$lBLL01$h1742
=CAT  \\$a14185$b40$c20221201$lBLL01$h1745
=CAT  \\$a14185$b40$c20221204$lBLL01$h1903
=CAT  \\$aW2302-0174$c20230223$lBLL01$h1959
=FIN  \\$aY$d20120903
=FMT  \\$a  MP
=LAS  \\$aW2302-0174$b00$c20230223$lBLL01$h1959

