=LDR  02421cfm a2200553 a 4500
=001  016160743
=003  Uk
=005  20230223161633.0
=007  aj\canzn
=008  120903q1750\\\\enk||||||\a\\\\\0\\\eng|\
=034  0\$aa
=040  \\$aUk$beng$cUk$dUk
=042  \\$aukblsr
=082  04$a912.4212$223
=245  00$a[Plan of the Property of St Bartholomew's Hospital].
=255  \\$aScale not given.
=260  \\$c[ca. 1750]
=300  \\$a1 map :$bhand col. ;$c25 x 39 cm
=336  \\$acartographic image$2rdacontent
=337  \\$aunmediated$2rdamedia
=338  \\$asheet$2rdacarrier
=500  \\$aPen and ink with wash on paper with additions in later hand.
=500  \\$aA 18th century copy of plan produced by Ralph Treswell.
=500  \\$aAnnotation below plan: From the Stow Collection, 1849.
=500  \\$aLondon city wall and buildings shown pictorially; some tenants' names reported.
=510  4\$aCrace, John Gregory, A catalogue of maps, plans and views of London, Westminster and Southwark collected and arranged by Frederick Crace (1878),$cno. 91, p. 54
=510  4\$aSchofield, John. The London surveys of Ralph Treswell (1987),$cpp. 2-8
=610  20$aSt. Bartholomew's Hospital (London, England)
=650  \0$aArchitectural drawing$zEngland$zLondon$vMaps$vEarly works to 1800.
=650  \0$aReal propertty$zEngland$zLondon$vMaps$vEarly works to 1800.
=651  \0$aCity of London (England)$vMaps$vEarly works to 1800.
=651  \0$aLondon (England)$vMaps$vEarly works to 1800.
=655  \7$aEarly maps.$2fast$0(OCoLC)fst01752681
=700  1\$aCrace, Frederick,$d1779-1859,$eformer owner.
=700  1\$aCrace, John Gregory,$d1809-1889,$edonor.
=700  1\$aTreswell, Ralph,$d1540?-1616.
=852  41$aBritish Library$bMAPS$jMaps Crace Port. 8.91
=856  41$3Copy at Maps Crace Port. 8.91$uhttp://www.bl.uk/onlinegallery/onlineex/crace/other/007000000000008u00091000.html$yDigitised map
=985  \\$aRecord amended for WR1606-1727
=985  \\$aUpdated by MS generated file for WR2302-017
=CAT  \\$a12842$b40$c20120903$lBLL01$h1507
=CAT  \\$aWR13.117$c20130718$lBLL01$h1854
=CAT  \\$a12842$b40$c20131004$lBLL01$h1237
=CAT  \\$a12842$b40$c20131004$lBLL01$h1238
=CAT  \\$aW1606-1727$c20160825$lBLL01$h1742
=CAT  \\$aW2302-0174$c20230223$lBLL01$h1959
=FIN  \\$aY$d20120903
=FMT  \\$a  MP
=LAS  \\$aW2302-0174$b00$c20230223$lBLL01$h1959

