=LDR  03251cfm a2200625 a 4500
=001  016160784
=003  Uk
=005  20221204190440.0
=007  aj\canzn
=008  120903q1750\\\\enk||||||\a\\\\\0\\\eng|\
=034  1\$aa$dW0015353$eW0015408$fN0513107$gN0513059$2bound
=040  \\$aUk$beng$cUk$dUk
=042  \\$aukblsr
=082  04$a912.4212$223
=245  00$a[Plan of the property of St Bartholomew's Hospital from Christ's Hospital to Smithfield].
=255  \\$aScale not given$c(W 1°53'53"--W 1°54'08"/N 51°31'07"--N 51°30'59").
=260  \\$c[ca. 1750]
=300  \\$a1 map :$bhand col. ;$c40 x 26 cm
=336  \\$acartographic image$2rdacontent
=337  \\$aunmediated$2rdamedia
=338  \\$asheet$2rdacarrier
=500  \\$aPen and ink with wash on paper with some additions in later hand.
=500  \\$aA 18th century copy of plan produced by Ralph Treswell.
=500  \\$aLondon City Wall and buildings shown pictorially; some tenants' names reported.
=500  \\$aAnnotation below plan: From the Stow Collection, 1849.
=510  4\$aCrace, John Gregory, A catalogue of maps, plans and views of London, Westminster and Southwark collected and arranged by Frederick Crace (1878),$cno. 92, p. 54
=510  4\$aSchofield, John. The London surveys of Ralph Treswell (1987),$cpp. 2-8
=520  \\$aThis is an 18th century copy of Ralph Treswell's 1610 plan of the property of St. Bartholomew's Hospital. Although better known as a painter in his lifetime, Treswell was also a mapmaker and one of the first surveyors of the modern era. The plan features compass star and scale bar at top right, showing the Roman wall, Christ's Hospital and the properties along the way to St. Bartholomew's Hospital pictorially.
=610  20$aSt. Bartholomew's Hospital (London, England)
=610  20$aChrist's Hospital (London, England)
=650  \0$aArchitectural drawing$zEngland$zLondon$vMaps$vEarly works to 1800.
=650  \0$aReal propertty$zEngland$zLondon$vMaps$vEarly works to 1800.
=651  \0$aCity of London (England)$vMaps$vEarly works to 1800.
=651  \0$aFarringdon Within Ward (London, England)$vMaps$vEarly works to 1800.
=651  \0$aLondon (England)$vMaps$vEarly works to 1800.
=655  \0$aEarly maps.
=700  1\$aCrace, Frederick,$d1779-1859,$eformer owner.
=700  1\$aCrace, John Gregory,$d1809-1889,$edonor.
=700  1\$aTreswell, Ralph,$d1540?-1616.
=852  41$aBritish Library$bMAPS$jMaps Crace Port. 8.92
=856  41$3Copy at Maps Crace Port. 8.92$uhttp://www.bl.uk/onlinegallery/onlineex/crace/other/007000000000008u00092000.html$yDigitised map
=985  \\$aUpgraded from BL georeferencer data 2022-11-17.
=985  \\$aRecord amended for WR1606-1727
=CAT  \\$a12842$b40$c20120903$lBLL01$h1556
=CAT  \\$a12842$b40$c20120903$lBLL01$h1608
=CAT  \\$a12842$b40$c20120903$lBLL01$h1611
=CAT  \\$a12842$b40$c20120903$lBLL01$h1701
=CAT  \\$aWR13.117$c20130718$lBLL01$h1854
=CAT  \\$a12842$b40$c20131004$lBLL01$h1240
=CAT  \\$aW1606-1727$c20160825$lBLL01$h1742
=CAT  \\$a14185$b40$c20221201$lBLL01$h1746
=CAT  \\$a14185$b40$c20221204$lBLL01$h1904
=FIN  \\$aY$d20120903
=FMT  \\$a  MP
=LAS  \\$a14185$b40$c20221204$lBLL01$h1904

