=LDR  03519cfm a2200649 a 4500
=001  016160827
=003  Uk
=005  20230223161633.0
=007  aj\canzn
=008  120903q1750\\\\enk||||||\a\\\\\0\\\eng|\
=034  1\$aa$dW0015359$eW0015402$fN0513104$gN0513100$2bound
=040  \\$aUk$beng$cUk$dUk
=042  \\$aukblsr
=082  04$a912.4212$223
=245  00$a[Plan of the property of St Bartholomew's Hospital from Christ's Hospital to Smithfield].
=255  \\$aScale not given$c(W 1°53'59"--W 1°54'02"/N 51°31'04"--N 51°31'00").
=260  \\$c[ca. 1750]
=300  \\$a1 map :$bhand col. ;$c40 x 25 cm
=336  \\$acartographic image$2rdacontent
=337  \\$aunmediated$2rdamedia
=338  \\$asheet$2rdacarrier
=500  \\$aPen and ink with wash on paper.
=500  \\$aTenants' names reported; buildings shown in elevation.
=500  \\$aA 18th century copy of plan from about 1610 produced by Ralph Treswell.
=500  \\$aAnnotation below plan: From the Stow Collection, 1849.
=510  4\$aCrace, John Gregory, A catalogue of maps, plans and views of London, Westminster and Southwark collected and arranged by Frederick Crace (1878),$cno. 93, p. 54
=510  4\$aSchofield, John. The London surveys of Ralph Treswell (1987),$cpp. 2-8
=510  4\$aEtherton, Judith. New evidence - Ralph Treswell's association with St Bartholomew's Hospital (London Topographical Records, vol. 27, 1995),$cpp. 103-113
=520  \\$aThis is an18th-Century copy of a Ralph Treswell's 1610 plan of the property of St Bartholomew's Hospital. While better known as a painter in his lifetime, Ralph Treswell was also a mapmaker and one of the first surveyors of the modern era. This plan features a compass star in the middle and a scale bar in a table at the bottom left. London's Roman wall, Christ's Hospital and the properties along the way to St. Bartholomew's Hospital are all shown pictorially.
=610  20$aSt. Bartholomew's Hospital (London, England)
=610  20$aChrist's Hospital (London, England)
=650  \0$aArchitectural drawing$zEngland$zLondon$vMaps$vEarly works to 1800.
=650  \0$aReal propertty$zEngland$zLondon$vMaps$vEarly works to 1800.
=651  \0$aCity of London (England)$vMaps$vEarly works to 1800.
=651  \0$aFarringdon Within Ward (London, England)$vMaps$vEarly works to 1800.
=651  \0$aLondon (England)$vMaps$vEarly works to 1800.
=655  \7$aEarly maps.$2fast$0(OCoLC)fst01752681
=700  1\$aCrace, Frederick,$d1779-1859,$eformer owner.
=700  1\$aCrace, John Gregory,$d1809-1889,$edonor.
=700  1\$aTreswell, Ralph,$d1540?-1616.
=852  41$aBritish Library$bMAPS$jMaps Crace Port. 8.93
=856  41$3Copy at Maps Crace Port. 8.93$uhttp://www.bl.uk/onlinegallery/onlineex/crace/other/007000000000008u00093000.html$yDigitised map
=985  \\$aUpgraded from BL georeferencer data 2022-11-17.
=985  \\$aRecord amended for WR1606-1727
=985  \\$aUpdated by MS generated file for WR2302-017
=CAT  \\$a12842$b40$c20120903$lBLL01$h1654
=CAT  \\$a12842$b40$c20120903$lBLL01$h1756
=CAT  \\$a12842$b40$c20120904$lBLL01$h1001
=CAT  \\$aWR13.117$c20130718$lBLL01$h1854
=CAT  \\$a12842$b40$c20131004$lBLL01$h1243
=CAT  \\$aW1606-1727$c20160825$lBLL01$h1742
=CAT  \\$a14185$b40$c20221201$lBLL01$h1746
=CAT  \\$a14185$b40$c20221204$lBLL01$h1905
=CAT  \\$aW2302-0174$c20230223$lBLL01$h1959
=FIN  \\$aY$d20120903
=FMT  \\$a  MP
=LAS  \\$aW2302-0174$b00$c20230223$lBLL01$h1959

