=LDR  03199cem a2200613 a 4500
=001  016161286
=003  Uk
=005  20221204190608.0
=007  aj\canzn
=008  120904q1750\\\\enk||||||\a\\\\\0\\\eng|\
=034  1\$aa$dW0015355$eW0015405$fN0513108$gN0513101$2bound
=040  \\$aUk$beng$cUk$dUk
=042  \\$aukblsr
=082  04$a912.4212$223
=245  00$a[Plan of part of the property of St Bartholomew's Hospital and Church].
=255  \\$aScale not given$c(W 1°53'55"--W 1°54'05"/N 51°31'08"--N 51°31'01").
=260  \\$c[ca. 1750]
=300  \\$a1 map :$bhand col. ;$c23 x 37 cm
=336  \\$acartographic image$2rdacontent
=337  \\$aunmediated$2rdamedia
=338  \\$asheet$2rdacarrier
=500  \\$aPen and ink with wash on paper with additions in later hand.
=500  \\$aBuildings shown in elevation.
=500  \\$aA 18th century copy of plan produced by Ralph Treswell.
=510  4\$aCrace, John Gregory, A catalogue of maps, plans and views of London, Westminster and Southwark collected and arranged by Frederick Crace (1878),$cno. 94, p. 54
=510  4\$aSchofield, John. The London surveys of Ralph Treswell (1987),$cpp. 2-8
=510  4\$aEtherton, Judith. New evidence - Ralph Treswell's association with St Bartholomew's Hospital (London Topographical Records, vol. 27, 1995),$cpp. 103-113
=520  \\$aThis is an 18th century copy of Ralph Treswell's 1610 plan of the property of St. Bartholomew's. Orientation points are marked on margins with St. Bartholomew's Hospital and the adjacent church and churchyard shown pictorially. Although better known as a painter in his lifetime, Ralph Treswell was also a mapmaker and one of the first surveyors of the modern era.
=610  20$aSt. Bartholomew's Hospital (London, England)
=650  \0$aArchitectural drawing$zEngland$zLondon$vMaps$vEarly works to 1800.
=650  \0$aReal propertty$zEngland$zLondon$vMaps$vEarly works to 1800.
=651  \0$aCity of London (England)$vMaps$vEarly works to 1800.
=651  \0$aSmithfield (London, England)$vMaps$vEarly works to 1800.
=651  \0$aFarringdon Within Ward (London, England)$vMaps$vEarly works to 1800.
=651  \0$aLondon (England)$vMaps$vEarly works to 1800.
=655  \0$aEarly maps.
=700  1\$aCrace, Frederick,$d1779-1859,$eformer owner.
=700  1\$aCrace, John Gregory,$d1809-1889,$edonor.
=700  1\$aTreswell, Ralph,$d1540?-1616.
=852  41$aBritish Library$bMAPS$jMaps Crace Port. 8.94
=856  41$3Copy at Maps Crace Port. 8.94$uhttp://www.bl.uk/onlinegallery/onlineex/crace/other/007000000000008u00094000.html$yDigitised map
=985  \\$aUpgraded from BL georeferencer data 2022-11-17.
=985  \\$aRecord amended for WR1606-1727
=CAT  \\$a12842$b40$c20120904$lBLL01$h1106
=CAT  \\$a12842$b40$c20120904$lBLL01$h1440
=CAT  \\$a12842$b40$c20120904$lBLL01$h1506
=CAT  \\$aWR13.117$c20130718$lBLL01$h1854
=CAT  \\$a12842$b40$c20131004$lBLL01$h1245
=CAT  \\$aW1606-1727$c20160825$lBLL01$h1742
=CAT  \\$a14185$b40$c20221201$lBLL01$h1746
=CAT  \\$a14185$b40$c20221204$lBLL01$h1906
=FIN  \\$aY$d20120904
=FMT  \\$a  MP
=LAS  \\$a14185$b40$c20221204$lBLL01$h1906

