=LDR  03595cfm a2200637 a 4500
=001  016161491
=003  Uk
=005  20230223161633.0
=007  aj\canzn
=008  120904q1750\\\\enk||||||\a\\\\\0\\\eng|\
=034  1\$aa$dW0015345$eW0015347$fN0513106$gN0513105$2bound
=040  \\$aUk$beng$cUk$dUk
=042  \\$aukblsr
=082  04$a912.4212$223
=245  00$a[Land belonging to St Bartholomew's Hospital showing Chicke Lane].
=255  \\$aScale not given$c(W 1°53'45"--W 1°53'47"/N 51°31'06"--N 51°31'05").
=260  \\$c[ca. 1750]
=300  \\$a1 map :$bhand col. ;$c40 x 25 cm
=336  \\$acartographic image$2rdacontent
=337  \\$aunmediated$2rdamedia
=338  \\$asheet$2rdacarrier
=500  \\$aPen and ink with wash on paper with additions in later hand.
=500  \\$aTitle taken from pencil annotation below plan.
=500  \\$aNote: 'Purchased at the Stowe Sale' in A catalogue of maps, plans and views of London, Westminster and Southwark collected and arranged by Frederick Crace, 1878.
=500  \\$aDimensions of some properties, tenants' and those of the abutting owners names reported; buildings shown in elevation.
=500  \\$aA 18th century copy of plan from survey of the estates of St Bartlomew's Hospital produced by Ralph Treswell.
=510  4\$aCrace, John Gregory, A catalogue of maps, plans and views of London, Westminster and Southwark collected and arranged by Frederick Crace (1878),$cno. 96, p. 55
=510  4\$aSchofield, John. The London surveys of Ralph Treswell (1987),$cpp. 2-8
=520  \\$aThis is an 18th-Century copy of Ralph Treswell's plan of the property of St. Bartholomew's Hospital. A painter by trade, Treswell was also a mapmaker and one of the first surveyors of the modern era. The plan features orientation points marked on margins. The tenements in St. Bartholomew's Estate, St. Sepulchre's Churchyard, the ditch running from Smithfield Bars to the Common Shore and Smithfield are shown pictorially.
=610  20$aSt. Bartholomew's Hospital (London, England)
=650  \0$aArchitectural drawing$zEngland$zLondon$vMaps$vEarly works to 1800.
=650  \0$aReal propertty$zEngland$zLondon$vMaps$vEarly works to 1800.
=651  \0$aCity of London (England)$vMaps$vEarly works to 1800.
=651  \0$aSmithfield (London, England)$vMaps$vEarly works to 1800.
=651  \0$aFarringdon Within Ward (London, England)$vMaps$vEarly works to 1800.
=651  \0$aSt Sepulchre's Church (London, England)$vMaps$vEarly works to 1800.
=651  \0$aLondon (England)$vMaps$vEarly works to 1800.
=655  \7$aEarly maps.$2fast$0(OCoLC)fst01752681
=700  1\$aCrace, Frederick,$d1779-1859,$eformer owner.
=700  1\$aCrace, John Gregory,$d1809-1889,$edonor.
=700  1\$aTreswell, Ralph,$d1540?-1616.
=852  41$aBritish Library$bMAPS$jMaps Crace Port. 8.96
=856  41$3Copy at Maps Crace Port. 8.96$uhttp://www.bl.uk/onlinegallery/onlineex/crace/other/007000000000008u00096000.html$yDigitised map
=985  \\$aUpgraded from BL georeferencer data 2022-11-17.
=985  \\$aRecord amended for WR1606-1727
=985  \\$aUpdated by MS generated file for WR2302-017
=CAT  \\$a12842$b40$c20120904$lBLL01$h1611
=CAT  \\$aWR13.117$c20130718$lBLL01$h1854
=CAT  \\$a12842$b40$c20131004$lBLL01$h1251
=CAT  \\$aW1606-1727$c20160825$lBLL01$h1742
=CAT  \\$a14185$b40$c20221201$lBLL01$h1747
=CAT  \\$a14185$b40$c20221204$lBLL01$h1907
=CAT  \\$aW2302-0174$c20230223$lBLL01$h1959
=FIN  \\$aY$d20120904
=FMT  \\$a  MP
=LAS  \\$aW2302-0174$b00$c20230223$lBLL01$h1959

