=LDR  02420cem a2200517 a 4500
=001  016164875
=003  Uk
=005  20230223161635.0
=007  aj\aanzn
=008  120905s1850\\\\enk||||||\a\\\\\0\\\eng|\
=034  0\$aa
=040  \\$aUk$beng$cUk$dUk
=042  \\$aukblsr
=082  04$a912.4212$223
=100  1\$aPennethorne, James,$cSir,$d1801-1871.
=245  10$aPlan of the General Record Repository, about to be erected on the Rolls Estate /$cJames Pennethorne.
=255  \\$aScale not given.
=260  \\$a[London] :$bDay & Son lithrs. to the Queen.,$cDecember 2nd, 1850.
=300  \\$a1 map ;$c56 x 66 cm
=336  \\$acartographic image$2rdacontent
=337  \\$aunmediated$2rdamedia
=338  \\$asheet$2rdacarrier
=500  \\$aSupplies ground plan for the General Record Repository (Public Record Office). The construction of a new record repository on the Rolls Estate in Chancery Lane began in 1851. The building was designed by Sir James Pennethorne.
=500  \\$aProposed new boundary indicated by pecked line; references at lower right.
=510  4\$aCrace, John Gregory, A catalogue of maps, plans and views of London, Westminster and Southwark collected and arranged by Frederick Crace (1878),$cno. 105, p. 56
=510  4\$aFrench, Josephine. Tooley's dictionary of mapmakers A-D (1999),$cpp. 343-344
=610  10$aGreat Britain.$bPublic Record Office.
=650  \0$aPublic buildings$zEngland$zLondon$vDesigns and plans$vEarly works to 1800.
=651  \0$aLondon (England)$vMaps.
=655  \7$aMaps.$2fast$0(OCoLC)fst01423704
=700  1\$aCrace, Frederick,$d1779-1859,$eformer owner.
=700  1\$aCrace, John Gregory,$d1809-1889,$edonor.
=710  2\$aDay & Son,$epublisher.
=852  41$aBritish Library$bMAPS$jMaps Crace Port. 8.105.(1.)
=856  41$3Copy at Maps Crace Port. 8.105.(1.)$uhttp://www.bl.uk/onlinegallery/onlineex/crace/p/007000000000008u001050a0.html$yDigitised map
=985  \\$aRecord amended for WR1606-1727
=985  \\$aUpdated by MS generated file for WR2302-017
=CAT  \\$a12842$b40$c20120905$lBLL01$h1655
=CAT  \\$a12842$b40$c20120907$lBLL01$h1135
=CAT  \\$aWR13.117$c20130718$lBLL01$h1854
=CAT  \\$a12842$b40$c20131004$lBLL01$h1329
=CAT  \\$aW1606-1727$c20160825$lBLL01$h1742
=CAT  \\$aW2302-0174$c20230223$lBLL01$h1959
=FIN  \\$aY$d20120905
=FMT  \\$a  MP
=LAS  \\$aW2302-0174$b00$c20230223$lBLL01$h1959

