=LDR  02995cfm a2200601 a 4500
=001  016165329
=003  Uk
=005  20230223161635.0
=007  aj\canzn
=008  120906q1815\\\\|||||||||\a\\\\\0\\\eng|\
=034  1\$aa$dW0015017$eW0015209$fN0513031$gN0512932$2bound
=040  \\$aUk$beng$cUk$dUk
=042  \\$aukblsr
=082  04$a912.4212$223
=245  00$a[Plan of the Goring Estate, showing the site of Goring House, on which Buckingham Palace is built].
=255  \\$aScale not given$c(W 1°50'17"--W 1°52'09"/N 51°30'31"--N 51°29'32").
=260  \\$c[ca. 1815]
=300  \\$a1 map :$bcol. ;$c32 x 40 cm
=336  \\$acartographic image$2rdacontent
=337  \\$aunmediated$2rdamedia
=338  \\$asheet$2rdacarrier
=500  \\$aPen and ink with green wash on paper.
=500  \\$aTitle taken from A catalogue of maps, plans and views of London, Westminster and Southwark collected and arranged by Frederick Crace, 1878.
=500  \\$aNote: 'Copied by Mr. Crace from the original of 1640' in A catalogue of maps, plans and views of London, Westminster and Southwark collected and arranged by Frederick Crace, 1878.
=500  \\$aShows the Goring Estate as it was in 1640, including the site in Mulberry Garden Fields where Buckingham Palace was built.
=510  4\$aCrace, John Gregory, A catalogue of maps, plans and views of London, Westminster and Southwark collected and arranged by Frederick Crace (1878),$cno. 30, p. 67
=520  \\$aThis is a copy by Crace of a plan of the Goring Estate as it was in 1640. The drawing shows the site in Mulberry Garden Fields where Buckingham Palace was built.
=651  \0$aWestminster (London, England)$vMaps.
=651  \0$aBuckingham Palace (London, England)$vMaps.
=651  \0$aLondon (England)$vMaps.
=655  \7$aMaps.$2fast$0(OCoLC)fst01423704
=700  1\$aCrace, Frederick,$d1779-1859,$eformer owner.
=700  1\$aCrace, John Gregory,$d1809-1889,$edonor.
=852  41$aBritish Library$bMAPS$jMaps Crace Port. 10.31
=856  41$3Copy at Maps Crace Port. 10.31$uhttp://www.bl.uk/onlinegallery/onlineex/crace/other/007000000000010u00031000.html$yDigitised map
=985  \\$aUpgraded from BL georeferencer data 2022-11-17.
=985  \\$aRecord amended for WR1606-1727
=985  \\$aUpdated by MS generated file for WR2302-017
=CAT  \\$a12842$b40$c20120906$lBLL01$h1522
=CAT  \\$a12842$b40$c20121004$lBLL01$h1332
=CAT  \\$a12842$b40$c20121004$lBLL01$h1447
=CAT  \\$a12842$b40$c20121004$lBLL01$h1659
=CAT  \\$a12842$b40$c20130104$lBLL01$h1452
=CAT  \\$aWR13.117$c20130718$lBLL01$h1854
=CAT  \\$a12842$b40$c20131004$lBLL01$h1649
=CAT  \\$a12842$b40$c20131004$lBLL01$h1650
=CAT  \\$aW1606-1727$c20160825$lBLL01$h1742
=CAT  \\$a14185$b40$c20221201$lBLL01$h1748
=CAT  \\$a14185$b40$c20221204$lBLL01$h1908
=CAT  \\$aW2302-0174$c20230223$lBLL01$h1959
=FIN  \\$aY$d20121004
=FMT  \\$a  MP
=LAS  \\$aW2302-0174$b00$c20230223$lBLL01$h1959

