=LDR  02358cfm a2200517 a 4500
=001  016165671
=003  Uk
=005  20230223161635.0
=007  aj\canzn
=008  120907q1830\\\\enk||||||\a\\\\\0\\\eng|\
=034  0\$aa
=040  \\$aUk$beng$cUk$dUk
=042  \\$aukblsr
=082  04$a912.4212$223
=245  00$aPlan of the Bank of England as built by Geo. Sampson, archt. 1734.
=255  \\$aScale not given.
=260  \\$a[London,$cca. 1830]
=300  \\$a1 map :$bhand col. ;$c59 x 48 cm
=336  \\$acartographic image$2rdacontent
=337  \\$aunmediated$2rdamedia
=338  \\$asheet$2rdacarrier
=500  \\$aPencil and wash on tracing paper with title added in later hand.
=500  \\$aA tracing of a plan showing the property of the Bank of England in Threadneedle Street. George Sampson worked as the Surveyor to the Bank in 1734.
=500  \\$aGround plan with dimensions, facilities and offices reported; Sir Houblon's property outlined in red, site of Sir John Soane's extension of 1788 outlined in blue; names and location of institutions in neighbourhood given.
=510  4\$aCrace, John Gregory, A catalogue of maps, plans and views of London, Westminster and Southwark collected and arranged by Frederick Crace (1878),$cno. 73, p. 52
=610  20$aBank of England.
=650  \0$aArchitectural drawing$zEngland$zLondon$vMaps.
=650  \0$aPublic buildings$zEngland$zLondon$vMaps.
=651  \0$aLondon (England)$vMaps.
=655  \7$aMaps.$2fast$0(OCoLC)fst01423704
=700  1\$aCrace, Frederick,$d1779-1859,$eformer owner.
=700  1\$aCrace, John Gregory,$d1809-1889,$edonor.
=852  41$aBritish Library$bMAPS$jMaps Crace Port. 8.73
=856  41$3Copy at Maps Crace Port. 8.73$uhttp://www.bl.uk/onlinegallery/onlineex/crace/p/007000000000008u00073000.html$yDigitised map
=985  \\$aRecord amended for WR1606-1727
=985  \\$aUpdated by MS generated file for WR2302-017
=CAT  \\$a12842$b40$c20120907$lBLL01$h1148
=CAT  \\$a12842$b40$c20120907$lBLL01$h1200
=CAT  \\$a12842$b40$c20121004$lBLL01$h1511
=CAT  \\$aWR13.117$c20130718$lBLL01$h1854
=CAT  \\$a12842$b40$c20131004$lBLL01$h1101
=CAT  \\$aW1606-1727$c20160825$lBLL01$h1742
=CAT  \\$aW2302-0174$c20230223$lBLL01$h1959
=FIN  \\$aY$d20120907
=FMT  \\$a  MP
=LAS  \\$aW2302-0174$b00$c20230223$lBLL01$h1959

