=LDR  03829cem a2200649 a 4500
=001  016165718
=003  Uk
=005  20230223161635.0
=007  aj\aanzn
=008  120907s1736\\\\enk\\\\\\\a\\\\\0\\\eng\\
=034  1\$aa$b2400$dW0014821$eW0014956$fN0513048$gN0513000$2bound
=040  \\$aUk$beng$cUk$dUk
=041  0\$aeng
=042  \\$aukblsr
=082  04$a912.42134$223
=100  1\$aRocque, John,$d-1762.
=245  10$aPlan general du palais & jardins de Kensington :$bsitué dans le conté de Middlesex, a 2 miles de Londres /$ctres exactement levé dessiene & gravé par Jean Rocque, 1736.
=246  11$aPlan of ye royal palace and gardens of Kensington
=255  \\$aScale approximately 1:2,400$c(W 1°48'21"--W 1°49'56"/N 51°30'48"--N 51°30'00").
=260  \\$a[London] :$bPrinted for & sold by Tho. Bowles in St Pauls Church Yard & John Bowles at the Black Horse in Cornhill,$c1736.
=300  \\$a1 map :$bhand col. ;$c52 x 65 cm
=336  \\$acartographic image$2rdacontent
=337  \\$aunmediated$2rdamedia
=338  \\$asheet$2rdacarrier
=500  \\$aContains dedication from John Rocque to the Queen at bottom centre.
=500  \\$aIncludes index to numbered landmarks, in English, lower left, and in French, lower right.
=510  4\$aCrace, John Gregory, A catalogue of maps, plans and views of London, Westminster and Southwark collected and arranged by Frederick Crace (1878),$cno. 1, p. 63
=510  4\$aScott, Valerie. Tooley's dictionary of mapmakers Q-Z (2004),$cpp. 61-62
=510  4\$aWorms, Laurence, Baynton-Williams, Ashley. British map engravers: a dictionary of engravers, lithographers and their principal employers,$bto 1850,$cpp. 103-104; pp. 559-563
=520  \\$aOn this plan of Kensington Palace and gardens, the key is at bottom left, with title and dedication at bottom centre, and scale bar at bottom left. The Kensington Gardens were originally attached to Nottingham House, which was bought in 1689 by William III and turned into Kensington Palace. Queen Mary took a great interest in the gardens and had them landscaped by royal gardeners in formal Dutch patterns. Uprooted by order of Queen Anne at the beginning of the 18th century, the Dutch gardens were replaced in 1726 by this Wise and Bridgeman design, which included the round pond, the Broad Walk and the Temple Lodge.
=651  \0$aKensington (London, England)$vMaps$vEarly works to 1800.
=651  \0$aKensington Gardens (London, England)$vMaps$vEarly works to 1800.
=651  \0$aLondon (England)$vMaps$vEarly works to 1800.
=655  \7$aEarly maps.$2fast$0(OCoLC)fst01752681
=700  1\$aBowles, Thomas,$d-1767,$epublisher.
=700  1\$aCrace, Frederick,$d1779-1859,$eformer owner.
=700  1\$aCrace, John Gregory,$d1809-1889,$edonor.
=852  41$aBritish Library$bMAPS$jMaps Crace Port. 10.1
=856  41$3Copy at Maps Crace Port. 10.1$uhttp://www.bl.uk/onlinegallery/onlineex/crace/p/007zzz000000010u00001000.html$yDigitised map
=985  \\$aUpgraded from BL georeferencer data 2022-11-17.
=985  \\$aRecord amended for WR# 13/070
=985  \\$aRecord amended for WR1606-1727
=985  \\$aUpdated by MS generated file for WR2302-017
=CAT  \\$a12842$b40$c20120907$lBLL01$h1324
=CAT  \\$a12842$b40$c20120907$lBLL01$h1614
=CAT  \\$aWR13_070$b00$c20130504$lBLL01$h0340
=CAT  \\$aWR13.117$c20130718$lBLL01$h1854
=CAT  \\$a12842$b40$c20131004$lBLL01$h1501
=CAT  \\$aW1606-1727$c20160825$lBLL01$h1743
=CAT  \\$a14511$b40$c20181107$lBLL01$h1725
=CAT  \\$a12842$b40$c20220509$lBLL01$h1743
=CAT  \\$a14185$b40$c20221201$lBLL01$h1738
=CAT  \\$a14185$b40$c20221202$lBLL01$h1405
=CAT  \\$aW2302-0174$c20230223$lBLL01$h1959
=FIN  \\$aY$d20120907
=FMT  \\$a  MP
=LAS  \\$aW2302-0174$b00$c20230223$lBLL01$h1959

