=LDR  04081cem a2200685 a 4500
=001  016165778
=003  Uk
=005  20230223161635.0
=007  aj\aanzn
=008  120907q1752\\\\enk\\\\\\\a\\\\\0\\\eng\\
=034  1\$aa$b4800$dW0014808$eW0015019$fN0513053$gN0512950$2bound
=040  \\$aUk$beng$cUk$dUk
=042  \\$aukblsr
=082  04$a912.42134$223
=100  1\$aRocque, John,$d-1762.
=245  12$aA plan of the Palace Gardens and town of Kensington /$cDeharme sculp.
=246  11$aPlan du palais jardins et bourg de Kensington, situé á deux mile de Londres
=255  \\$aScale approximately 1:4,800$c(W 1°48'08"--W 1°50'19"/N 51°30'53"--N 51°29'50").
=260  \\$aLondon :$bpublish'd by John Rocque in the Strand ; printed for Robt. Sayer, no. 53 in Fleet Street,$c[ca. 1752]
=300  \\$a1 map ;$c27 x 48 cm
=336  \\$acartographic image$2rdacontent
=337  \\$aunmediated$2rdamedia
=338  \\$asheet$2rdacarrier
=500  \\$aDate in imprint taken from British map engravers, L. Worms and A. Baynton-Williams.
=500  \\$aIncludes index to landmarks indicated by numbers in English, lower left, and in French, lower right.
=510  4\$aCrace, John Gregory, A catalogue of maps, plans and views of London, Westminster and Southwark collected and arranged by Frederick Crace (1878),$cno. 2, p. 63
=510  4\$aScott, Valerie. Tooley's dictionary of mapmakers Q-Z (2004),$cpp. 61-62
=510  4\$aWorms, Laurence, Baynton-Williams, Ashley. British map engravers: a dictionary of engravers, lithographers and their principal employers,$bto 1850,$cp. 192; pp. 559-563; pp. 585-588
=520  \\$aThe title of this plan of Kensington Palace and gardens appears in English and French, with scale bars and a key to architectural and natural features, in a panel below the plan. Kensington Gardens were originally attached to Nottingham House, which was bought in 1689 by William III and turned into Kensington Palace. Queen Mary took a great interest in the gardens and had them landscaped by royal gardeners in formal Dutch patterns. Uprooted by order of Queen Anne at the beginning of the 18th century, the Dutch gardens were replaced in 1726 by this Wise and Bridgeman design, including the round pond, the Broad Walk and the Temple Lodge.
=585  \\$aCopy at Maps Crace Port. 10.2. Exhibited: 'Glorious Georges' Historic Royal Palaces, Kensington Palace, London, 18 October 2014 - 19 April 2015.$5Uk
=650  \0$aRoyal gardens$zEngland$zLondon$vMaps$vEarly works to 1800.
=651  \0$aKensington (London, England)$vMaps$vEarly works to 1800.
=651  \0$aKensington Gardens (London, England)$vMaps$vEarly works to 1800.
=651  \0$aLondon (England)$vMaps$vEarly works to 1800.
=655  \7$aEarly maps.$2fast$0(OCoLC)fst01752681
=700  1\$aCrace, Frederick,$d1779-1859,$eformer owner.
=700  1\$aCrace, John Gregory,$d1809-1889,$edonor.
=700  1\$aDeharme, L. F.,$dactive 1752-1753,$eengraver.
=700  1\$aSayer, Robert,$d1725-1794.
=852  41$aBritish Library$bMAPS$jMaps Crace Port. 10.2
=856  41$3Copy at Maps Crace Port. 10.2$uhttp://www.bl.uk/onlinegallery/onlineex/crace/a/007zzz000000010u00002000.html$yDigitised map
=985  \\$aUpgraded from BL georeferencer data 2022-11-17.
=985  \\$a700=NEW
=985  \\$aRecord amended for WR# 13/070
=985  \\$aRecord amended for WR1606-1727
=985  \\$aUpdated by MS generated file for WR2302-017
=CAT  \\$a12842$b40$c20120907$lBLL01$h1403
=CAT  \\$aWR13_070$b00$c20130504$lBLL01$h0340
=CAT  \\$aWR13_070C$c20130611$lBLL01$h1859
=CAT  \\$aWR13.117$c20130718$lBLL01$h1854
=CAT  \\$a12842$b40$c20131004$lBLL01$h1506
=CAT  \\$a8201$b40$c20150112$lBLL01$h1609
=CAT  \\$aW1606-1727$c20160825$lBLL01$h1742
=CAT  \\$a14511$b40$c20181107$lBLL01$h1724
=CAT  \\$a14185$b40$c20221201$lBLL01$h1738
=CAT  \\$a14185$b40$c20221202$lBLL01$h1405
=CAT  \\$aW2302-0174$c20230223$lBLL01$h1959
=FIN  \\$aY$d20120907
=FMT  \\$a  MP
=LAS  \\$aW2302-0174$b00$c20230223$lBLL01$h1959

