=LDR  02691cem a2200529 a 4500
=001  016165920
=003  Uk
=005  20230223161635.0
=007  aj\aanzn
=008  120907q1800\\\\|||||||||\a\\\\\0\\\eng|\
=034  1\$aa$dW0014851$eW0015104$fN0513050$gN0513002$2bound
=040  \\$aUk$beng$cUk$dUk
=042  \\$aukblsr
=082  04$a912.42134$223
=100  1\$aBennett, S.
=245  10$aHyde Park /$cS. Bennett surveyor.
=255  \\$aScale not given$c(W 1°48'51"--W 1°51'04"/N 51°30'50"--N 51°30'02").
=260  \\$c[ca. 1800]
=300  \\$a1 map :$bhand col. ;$c40 x 65 cm
=336  \\$acartographic image$2rdacontent
=337  \\$aunmediated$2rdamedia
=338  \\$asheet$2rdacarrier
=500  \\$aPen and ink with wash on paper.
=500  \\$aTitle in cartouche with the crown and laurel wreath upper left. Park boundary outlined in red.
=510  4\$aCrace, John Gregory, A catalogue of maps, plans and views of London, Westminster and Southwark collected and arranged by Frederick Crace (1878),$cno. 3, p. 63
=520  \\$aThe title and compass star of this plan appear at middle left, with them scale bar at bottom right. At over 340 acres the largest of all the royal parks, Hyde Park was originally a hunting ground for deer, boars and wild bull. Bequeathed to the monks of Westminster after the conquest of Geoffrey de Mandeville in the 1140s, the park was appropriated by Henry VIII at the dissolution of the monasteries in 1536. The park was opened to the public at the beginning of the 17th century, and remained a deer hunting ground until 1768.
=650  \0$aParks$zEngland$zLondon$vMaps.
=651  \0$aHyde Park (London, England)$vMaps.
=651  \0$aKensington (London, England)$vMaps.
=655  \7$aMaps.$2fast$0(OCoLC)fst01423704
=700  1\$aCrace, Frederick,$d1779-1859,$eformer owner.
=700  1\$aCrace, John Gregory,$d1809-1889,$edonor.
=852  41$aBritish Library$bMAPS$jMaps Crace Port. 10.4
=856  41$3Copy at Maps Crace Port. 10.4$uhttp://www.bl.uk/onlinegallery/onlineex/crace/h/007zzz000000010u00004000.html$yDigitised map
=985  \\$aUpgraded from BL georeferencer data 2022-11-17.
=985  \\$aRecord amended for WR1606-1727
=985  \\$aUpdated by MS generated file for WR2302-017
=CAT  \\$a12842$b40$c20120907$lBLL01$h1722
=CAT  \\$aWR13.117$c20130718$lBLL01$h1854
=CAT  \\$a12842$b40$c20131004$lBLL01$h1513
=CAT  \\$aW1606-1727$c20160825$lBLL01$h1742
=CAT  \\$a14185$b40$c20221201$lBLL01$h1748
=CAT  \\$a14185$b40$c20221204$lBLL01$h1909
=CAT  \\$aW2302-0174$c20230223$lBLL01$h1959
=FIN  \\$aY$d20120907
=FMT  \\$a  MP
=LAS  \\$aW2302-0174$b00$c20230223$lBLL01$h1959

