=LDR  03578cem a2200589 a 4500
=001  016166666
=003  Uk
=005  20230223161635.0
=007  aj\canzn
=008  120910q1811\\\\enk||||||\a\\\\\0\\\eng|\
=034  1\$aa$dW0014919$eW0015103$fN0513100$gN0512954$2bound
=040  \\$aUk$beng$cUk$dUk
=042  \\$aukblsr
=082  04$a912.42134$223
=100  1\$aNeele, Samuel John,$d1758-1824.
=245  10$aPlan of Hyde Park as it was in 1725. :$bFrom a plan of the parish of St George Hanover Square, in the vestry room of that parish /$cNeele sc., Strand.
=255  \\$aScale not given$c(W 1°49'19"--W 1°51'03"/N 51°31'00"--N 51°29'54").
=260  \\$a[London :$bprinted for T. Cadell and W. Davies, Strand,$c1811]
=300  \\$a1 map :$bhand col. ;$c22 x 18 cm
=336  \\$acartographic image$2rdacontent
=337  \\$aunmediated$2rdamedia
=338  \\$asheet$2rdacarrier
=500  \\$aPublished in The Environs of London, being an historical account of the towns, villages, and hamlets ... by Daniel Lysons, vol. 2, part 1; imprint taken from title page.
=500  \\$aCopied from a plan held in the Vestry Room in St George's Church, Hanover Square.
=500  \\$aBoundaries outlined in colour.
=510  4\$aCrace, John Gregory, A catalogue of maps, plans and views of London, Westminster and Southwark collected and arranged by Frederick Crace (1878),$cno. 7, p. 64
=510  4\$aUpcott, William. A Bibliographical Account of the Principal Works relating to English Topography, vol. 2 (1818),$cno. 8, p. 920
=510  4\$aWorms, Laurence, Baynton-Williams, Ashley. British map engravers: a dictionary of engravers, lithographers and their principal employers,$bto 1850,$cpp. 482-485
=520  \\$aThis retrospective plan of Hyde Park was produced from an earlier plan held in the Vestry Room in St George's Church, Hanover Square. Its title features at top right, with the scale bar at top left. At over 340 acres of land the largest of all the royal parks, Hyde Park was originally a hunting ground for deer, boars and wild bull. Bequeathed to the monks of Westminster after the conquest of Geoffrey de Mandeville in the 1140s, the park was appropriated by Henry VIII at the dissolution of the monasteries in 1536. The park was opened to the public at the beginning of the 17th century, and remained a deer hunting ground until 1768.
=651  \0$aKensington (London, England)$vMaps.
=651  \0$aHyde Park (London, England)$vMaps.
=651  \0$aLondon (England)$vMaps.
=655  \7$aEarly maps.$2fast$0(OCoLC)fst01752681
=700  1\$aCrace, Frederick,$d1779-1859,$eformer owner.
=700  1\$aCrace, John Gregory,$d1809-1889,$edonor.
=852  41$aBritish Library$bMAPS$jMaps Crace Port. 10.7
=856  41$3Copy at Maps Crace Port. 10.7$uhttp://www.bl.uk/onlinegallery/onlineex/crace/p/007zzz000000010u00007000.html$yDigitised map
=985  \\$aUpgraded from BL georeferencer data 2022-11-17.
=985  \\$aRecord amended for WR1606-1727
=985  \\$aUpdated by MS generated file for WR2302-017
=CAT  \\$a12842$b40$c20120910$lBLL01$h1433
=CAT  \\$a12842$b40$c20120910$lBLL01$h1540
=CAT  \\$a12842$b40$c20120914$lBLL01$h1154
=CAT  \\$aWR13.117$c20130718$lBLL01$h1854
=CAT  \\$a12842$b40$c20131004$lBLL01$h1524
=CAT  \\$aW1606-1727$c20160825$lBLL01$h1742
=CAT  \\$a14185$b40$c20221201$lBLL01$h1545
=CAT  \\$a14185$b40$c20221202$lBLL01$h1406
=CAT  \\$aW2302-0174$c20230223$lBLL01$h1959
=FIN  \\$aY$d20120910
=FMT  \\$a  MP
=LAS  \\$aW2302-0174$b00$c20230223$lBLL01$h1959

