=LDR  02429cfm a2200517 a 4500
=001  016166779
=003  Uk
=005  20230223161635.0
=007  aj\canzn
=008  120910s1838\\\\|||||||||\a\\\\\0\\\eng|\
=034  1\$aa$b950
=040  \\$aUk$beng$cUk$dUk
=042  \\$aukblsr
=082  04$a912.42134$223
=100  1\$aChawner, Thomas,$d1774-1851.
=245  10$aPlan of Palace Green and other grounds, &c westwards of Kensington Palace, with design for laying out the grounds between the green and the Uxbridge Road for building on /$cby order of the Commissioners of Her Majesty's Woods, Works &ca. Tho. Chawner.
=255  \\$aScale [ca. 1:950].
=260  \\$cJune 1838.
=300  \\$a1 map :$bhand col. ;$c62 x 96 cm
=336  \\$acartographic image$2rdacontent
=337  \\$aunmediated$2rdamedia
=338  \\$asheet$2rdacarrier
=500  \\$aPen and ink with wash on paper with additions in later hand.
=500  \\$aShows the proposed housing development in the former Kitchen Gardens, west of Kensington Palace. The development now houses several major embassies. Parish boundaries indicated by pecked line.
=510  4\$aCrace, John Gregory, A catalogue of maps, plans and views of London, Westminster and Southwark collected and arranged by Frederick Crace (1878),$cno. 8, p. 64
=510  4\$aFrench, Josephine. Tooley's dictionary of mapmakers A-D (1999),$cp. 260
=651  \0$aKensington (London, England)$vMaps.
=651  \0$aHyde Park (London, England)$vMaps.
=651  \0$aLondon (England)$vMaps.
=655  \7$aMaps.$2fast$0(OCoLC)fst01423704
=700  1\$aCrace, Frederick,$d1779-1859,$eformer owner.
=700  1\$aCrace, John Gregory,$d1809-1889,$edonor.
=852  41$aBritish Library$bMAPS$jMaps Crace Port. 10.8
=856  41$3Copy at Maps Crace Port. 10.8$uhttp://www.bl.uk/onlinegallery/onlineex/crace/p/007000000000010u00008000.html$yDigitised map
=985  \\$aRecord amended for WR1606-1727
=985  \\$aUpdated by MS generated file for WR2302-017
=CAT  \\$a12842$b40$c20120910$lBLL01$h1644
=CAT  \\$a12842$b40$c20120910$lBLL01$h1652
=CAT  \\$a12842$b40$c20121009$lBLL01$h1542
=CAT  \\$aWR13.117$c20130718$lBLL01$h1854
=CAT  \\$a12842$b40$c20131004$lBLL01$h1526
=CAT  \\$aW1606-1727$c20160825$lBLL01$h1742
=CAT  \\$aW2302-0174$c20230223$lBLL01$h1959
=FIN  \\$aY$d20120910
=FMT  \\$a  MP
=LAS  \\$aW2302-0174$b00$c20230223$lBLL01$h1959

