=LDR  03040cem a2200577 a 4500
=001  016166792
=003  Uk
=005  20230223161635.0
=007  aj\canzn
=008  120910s1848\\\\enk||||||\a\\\\\0\\\eng|\
=034  1\$aa$b2110$dW0014816$eW0014853$fN0513038$gN0513006$2bound
=040  \\$aUk$beng$cUk$dUk
=041  0\$aeng
=042  \\$aukblsr
=082  04$a912.42134$223
=245  00$aPlan of the several plots of ground for building on, at Kensington, :$bnow or lately part of the Royal Kitchen Gardens and Palace Green, &c. /$cStandidge & Co. litho.
=255  \\$aScale approximately 1:2,110$c(W 1°48'16"--W 1°48'53"/N 51°30'38"--N 51°30'06").
=260  \\$aLondon :$bHenry Hansard Printer,$c1848.
=300  \\$a1 map :$bcol. ;$c31 x 50 cm
=336  \\$acartographic image$2rdacontent
=337  \\$aunmediated$2rdamedia
=338  \\$asheet$2rdacarrier
=500  \\$aProperties numbered and coloured for reference with explanation and rent prices at lower left; dimensions given.
=500  \\$aTop margin: SELECT COMMITTEE OF WOODS AND WORKS. Below map: No 538 II. Ordered by the House of Commons, to be printed 25th July 1848.
=510  4\$aCrace, John Gregory, A catalogue of maps, plans and views of London, Westminster and Southwark collected and arranged by Frederick Crace (1878),$cno. 9, p. 64
=510  4\$aScott, Valerie. Tooley's dictionary of mapmakers Q-Z (2004),$cp. 202
=520  \\$aThis is a plan of plots of land for sale on the site of the Kitchen Garden in Kensington Gardens. The plan's title features at top centre, with compass star at top left and scale bar at bottom centre. The boundaries of the area for sale are outlined in blue, with the properties for which lease is not yet granted in yellow. Each property is numbered for reference, with key and terms of leases at bottom left.
=651  \0$aKensington (London, England)$vMaps.
=651  \0$aLondon (England)$vMaps.
=655  \7$aMaps.$2fast$0(OCoLC)fst01423704
=700  1\$aCrace, Frederick,$d1779-1859,$eformer owner.
=700  1\$aCrace, John Gregory,$d1809-1889,$edonor.
=700  1\$aHansard Henry,$d-1904,$eprinter.
=710  2\$aStandidge & Co.
=852  41$aBritish Library$bMAPS$jMaps Crace Port. 10.9
=856  41$3Copy at Maps Crace Port. 10.9$uhttp://www.bl.uk/onlinegallery/onlineex/crace/p/007zzz000000010u00009000.html$yDigitised map
=985  \\$aUpgraded from BL georeferencer data 2022-11-17.
=985  \\$a700 NEW
=985  \\$aRecord amended for WR1606-1727
=985  \\$aUpdated by MS generated file for WR2302-017
=CAT  \\$a12842$b40$c20120910$lBLL01$h1723
=CAT  \\$a12842$b40$c20130604$lBLL01$h1631
=CAT  \\$aWR13.117$c20130718$lBLL01$h1854
=CAT  \\$a12842$b40$c20131004$lBLL01$h1528
=CAT  \\$aW1606-1727$c20160825$lBLL01$h1742
=CAT  \\$a14185$b40$c20221201$lBLL01$h1545
=CAT  \\$a14185$b40$c20221202$lBLL01$h1407
=CAT  \\$aW2302-0174$c20230223$lBLL01$h1959
=FIN  \\$aY$d20120910
=FMT  \\$a  MP
=LAS  \\$aW2302-0174$b00$c20230223$lBLL01$h1959

