=LDR  03051cfm a2200589 a 4500
=001  016167183
=003  Uk
=005  20230223161636.0
=007  aj\canzn
=008  120911q1770\\\\|||||||||\a\\\\\0\\\eng|\
=034  1\$aa$dW0015010$eW0015043$fN0513007$gN0512924$2bound
=040  \\$aUk$beng$cUk$dUk
=042  \\$aukblsr
=082  04$a912.42134$223
=245  02$aA survey of the district of Hans Town :$bwith part of the estate of Wm. Brown Esq. sold to Mr Compigne and part of Lord Cadogan's estate.
=255  \\$aScale not given$c(W 1°50'10"--W 1°50'43"/N 51°30'07"--N 51°29'24").
=260  \\$c[ca. 1770]
=300  \\$a1 map :$bhand col. ;$c68 x 178 cm
=336  \\$acartographic image$2rdacontent
=337  \\$aunmediated$2rdamedia
=338  \\$asheet$2rdacarrier
=500  \\$aDate taken from A catalogue of maps, plans and views of London, Westminster and Southwark collected and arranged by Frederick Crace, 1878.
=500  \\$aPen and ink with wash on paper with extensive additions in pencil in later hand.
=500  \\$aShows the area around Hans Place with proposed housing developments.
=500  \\$aExplanation to the colouring and details of leases below title.
=500  \\$aBoundary of the district outlined in red; property owners' and tenants' names reported, house numbers and dimensions given.
=510  4\$aCrace, John Gregory, A catalogue of maps, plans and views of London, Westminster and Southwark collected and arranged by Frederick Crace (1878),$cno. 10, p. 64
=520  \\$aDrawn survey of the district of Hans Town in Chelsea, with the boundary of the district outlined in red. Indian ink is used to indicate buildings in the Codagan Estate, the rest of the buildings being held by Henry Holland on lease from Codagan.
=651  \0$aChelsea (London, England)$vMaps$vEarly works to 1800.
=651  \0$aLondon (England)$vMaps$vEarly works to 1800.
=655  \7$aEarly maps.$2fast$0(OCoLC)fst01752681
=700  1\$aCrace, Frederick,$d1779-1859,$eformer owner.
=700  1\$aCrace, John Gregory,$d1809-1889,$edonor.
=700  1\$aHolland, Henry,$d1745-1806.
=710  2\$aCadogan Estates Ltd.
=852  41$aBritish Library$bMAPS$jMaps Crace Port. 10.10
=856  41$3Copy at Maps Crace Port. 10.10$uhttp://www.bl.uk/onlinegallery/onlineex/crace/s/007000000000010u00010000.html$yDigitised map
=985  \\$aUpgraded from BL georeferencer data 2022-11-17.
=985  \\$aRecord amended for WR1606-1727
=985  \\$aUpdated by MS generated file for WR2302-017
=CAT  \\$a12842$b40$c20120911$lBLL01$h1321
=CAT  \\$a12842$b40$c20120911$lBLL01$h1323
=CAT  \\$a12842$b40$c20121107$lBLL01$h1038
=CAT  \\$aWR13.117$c20130718$lBLL01$h1854
=CAT  \\$a12842$b40$c20131004$lBLL01$h1530
=CAT  \\$aW1606-1727$c20160825$lBLL01$h1742
=CAT  \\$a14185$b40$c20221201$lBLL01$h1749
=CAT  \\$a14185$b40$c20221204$lBLL01$h1910
=CAT  \\$aW2302-0174$c20230223$lBLL01$h1959
=FIN  \\$aY$d20120911
=FMT  \\$a  MP
=LAS  \\$aW2302-0174$b00$c20230223$lBLL01$h1959

