=LDR  02580cem a2200529 a 4500
=001  016167340
=003  Uk
=005  20230223161636.0
=007  aj\aanzn
=008  120911q1761\\\\|||||||||\a\\\\\0\\\eng|\
=034  1\$aa$b19000
=040  \\$aUk$beng$cUk$dUk
=042  \\$aukblsr
=082  04$a912.42134$223
=100  1\$aFourdrinier, Paul,$d1698-1758,$eengraver.
=245  12$aA plan of the several roads described in ye two acts of Parliament, and of divers road adjacent thereunto.
=255  \\$aScale [ca. 1:19,000].
=260  \\$c[1761]
=300  \\$a1 map ;$c24 x 36 cm
=336  \\$acartographic image$2rdacontent
=337  \\$aunmediated$2rdamedia
=338  \\$asheet$2rdacarrier
=500  \\$aEngraver's name taken from pencil annotation at bottom right corner.
=500  \\$aDate in imprint taken from A catalogue of maps, plans and views of London, Westminster and Southwark collected and arranged by Frederick Crace, 1878.
=500  \\$aShows roads in Kensington and Chelsea; explanation to symbols below title.
=500  \\$aTurnpikes and junctions lettered for reference with distances given in a table, left portion of plate.
=510  4\$aCrace, John Gregory, A catalogue of maps, plans and views of London, Westminster and Southwark collected and arranged by Frederick Crace (1878),$cno. 12, p. 64
=510  4\$aWorms, Laurence, Baynton-Williams, Ashley. British map engravers: a dictionary of engravers, lithographers and their principal employers,$bto 1850,$cpp. 243-244
=650  \0$aRoads$zEngland$vMaps$vEarly works to 1800.
=651  \0$aChelsea (London, England)$vMaps$vEarly works to 1800.
=651  \0$aKensington (London, England)$vMaps$vEarly works to 1800.
=651  \0$aLondon (England)$vMaps$vEarly works to 1800.
=655  \7$aEarly maps.$2fast$0(OCoLC)fst01752681
=700  1\$aCrace, Frederick,$d1779-1859,$eformer owner.
=700  1\$aCrace, John Gregory,$d1809-1889,$edonor.
=852  41$aBritish Library$bMAPS$jMaps Crace Port. 10.12
=856  41$3Copy at Maps Crace Port. 10.12$uhttp://www.bl.uk/onlinegallery/onlineex/crace/a/007zzz000000010u00012000.html$yDigitised map
=985  \\$aRecord amended for WR1606-1727
=985  \\$aUpdated by MS generated file for WR2302-017
=CAT  \\$a12842$b40$c20120911$lBLL01$h1502
=CAT  \\$aWR13.117$c20130718$lBLL01$h1854
=CAT  \\$a12842$b40$c20131004$lBLL01$h1557
=CAT  \\$aW1606-1727$c20160825$lBLL01$h1742
=CAT  \\$aW2302-0174$c20230223$lBLL01$h1959
=FIN  \\$aY$d20120911
=FMT  \\$a  MP
=LAS  \\$aW2302-0174$b00$c20230223$lBLL01$h1959

