=LDR  03119cem a2200565 a 4500
=001  016167399
=003  Uk
=005  20230223161636.0
=007  aj\aanzn
=008  120911q1780\\\\xx\||||||\a\\\\\0\\\eng|\
=034  1\$aa$b16200$dW0014537$eW0015209$fN0513118$gN0512750$2bound
=040  \\$aUk$beng$cUk$dUk
=042  \\$aukblsr
=082  04$a912.42134$223
=100  10$aRoberts, R.
=245  12$aA plan of the roads under the direction and care of this trust, and divers roads adjacent /$cR. Roberts.
=255  \\$aScale approximately 1:16,200$c(W 1°45'37"--W 1°52'09"/N 51°31'18"--N 51°27'50").
=260  \\$c[1780?]
=300  \\$a1 map ;$c28 x 40 cm
=336  \\$acartographic image$2rdacontent
=337  \\$aunmediated$2rdamedia
=338  \\$asheet$2rdacarrier
=500  \\$aDate in imprint taken from A catalogue of maps, plans and views of London, Westminster and Southwark collected and arranged by Frederick Crace, 1878.
=500  \\$aShows roads in Kensington and Chelsea; explanation to symbols below title.
=500  \\$aTurnpikes and junctions lettered for reference with distances given in a table, left portion of plate.
=510  4\$aCrace, John Gregory, A catalogue of maps, plans and views of London, Westminster and Southwark collected and arranged by Frederick Crace (1878),$cno. 13, p. 64
=520  \\$aThe title of this road map of Kensington and Chelsea appears in a panel above the plan, with the compass star at top right and scale bar at bottom left. The roads within the Kensington and Hyde Park Trust are indicated by a shadowed line; the king's private roads by a double line; the common roads by a double dotted line; and the footpaths by a single dotted line. Turnpikes and junctions are numbered for reference with distances given in a table down the left side of the plate.
=650  \0$aRoads$zEngland$zLondon$vMaps$vEarly works to 1800.
=651  \0$aKensington (London, England)$vMaps$vEarly works to 1800.
=651  \0$aChelsea (London, England)$vMaps$vEarly works to 1800.
=651  \0$aLondon (England)$vMaps$vEarly works to 1800.
=655  \7$aEarly maps.$2fast$0(OCoLC)fst01752681
=700  1\$aCrace, Frederick,$d1779-1859,$eformer owner.
=700  1\$aCrace, John Gregory,$d1809-1889,$edonor.
=852  41$aBritish Library$bMAPS$jMaps Crace Port. 10.13
=856  41$3Copy at Maps Crace Port. 10.13$uhttp://www.bl.uk/onlinegallery/onlineex/crace/a/007zzz000000010u00013000.html$yDigitised map
=985  \\$aUpgraded from BL georeferencer data 2022-11-17.
=985  \\$aRecord amended for WR1606-1727
=985  \\$aUpdated by MS generated file for WR2302-017
=CAT  \\$a12842$b40$c20120911$lBLL01$h1653
=CAT  \\$aWR13.117$c20130718$lBLL01$h1854
=CAT  \\$a12842$b40$c20131004$lBLL01$h1602
=CAT  \\$aBATCH-UPD$b40$c20141220$lBLL01$h1804
=CAT  \\$aW1606-1727$c20160825$lBLL01$h1742
=CAT  \\$a14185$b40$c20221201$lBLL01$h1749
=CAT  \\$a14185$b40$c20221204$lBLL01$h1911
=CAT  \\$aW2302-0174$c20230223$lBLL01$h1959
=FIN  \\$aY$d20120911
=FMT  \\$a  MP
=LAS  \\$aW2302-0174$b00$c20230223$lBLL01$h1959

