=LDR  02547cem a2200541 a 4500
=001  016169089
=003  Uk
=005  20230223161636.0
=007  aj\aanzn
=008  120911q1851\\\\enk||||||\a\\\\\0\\\eng|\
=034  1\$aa$b21000$dW0014729$eW0015326$fN0513215$gN0512815$2bound
=040  \\$aUk$beng$cUk$dUk
=042  \\$aukblsr
=082  04$a912.421$223
=110  2\$aDay & Son.
=245  10$aMap of the western side of London :$bdistinguishing the estate of Her Majesty's Commissioners for the exhibition of 1851.
=255  \\$aScale approximately 1:21,000$c(W 1°47'29"--W 1°53'26"/N 51°32'15"--N 51°28'15").
=260  \\$a[London] :$bDay & Son Lithrs. to the Queen,$c[ca. 1851]
=300  \\$a1 map ;$c35 x 32 cm
=336  \\$acartographic image$2rdacontent
=337  \\$aunmediated$2rdamedia
=338  \\$asheet$2rdacarrier
=500  \\$aEstate of Her Majesty's Commissioners for the exhibition of 1851 coloured in green.
=510  4\$aCrace, John Gregory, A catalogue of maps, plans and views of London, Westminster and Southwark collected and arranged by Frederick Crace (1878),$cno. 14, p. 64
=510  4\$aFrench, Josephine. Tooley's dictionary of mapmakers A-D (1999),$cp. 343-344
=520  \\$aMap of Kensington with title along the top and scale bar below the plan. The site of the Great Exhibiton of 1851 in Hyde Park is highlighted in green.
=611  20$aGreat Exhibition$d(1851 :$cLondon, England)
=651  \0$aHyde Park (London, England)$vMaps.
=651  \0$aKensington (London, England)$vMaps.
=655  \7$aMaps.$2fast$0(OCoLC)fst01423704
=700  1\$aCrace, Frederick,$d1779-1859,$eformer owner.
=700  1\$aCrace, John Gregory,$d1809-1889,$edonor.
=852  41$aBritish Library$bMAPS$jMaps Crace Port. 10.14
=856  41$3Copy at Maps Crace Port. 10.14$uhttp://www.bl.uk/onlinegallery/onlineex/crace/m/007zzz000000010u00014000.html$yDigitised map
=985  \\$aUpgraded from BL georeferencer data 2022-11-17.
=985  \\$aRecord amended for WR1606-1727
=985  \\$aUpdated by MS generated file for WR2302-017
=CAT  \\$a12842$b40$c20120911$lBLL01$h1739
=CAT  \\$a12842$b40$c20120911$lBLL01$h1816
=CAT  \\$aWR13.117$c20130718$lBLL01$h1854
=CAT  \\$a12842$b40$c20131004$lBLL01$h1605
=CAT  \\$aW1606-1727$c20160825$lBLL01$h1742
=CAT  \\$a14185$b40$c20221201$lBLL01$h1545
=CAT  \\$a14185$b40$c20221202$lBLL01$h1408
=CAT  \\$aW2302-0174$c20230223$lBLL01$h1959
=FIN  \\$aY$d20120911
=FMT  \\$a  MP
=LAS  \\$aW2302-0174$b00$c20230223$lBLL01$h1959

