=LDR  02991cem a2200553 a 4500
=001  016169097
=003  Uk
=005  20230223161636.0
=007  aj\canzn
=008  120911q1851\\\\enk||||||\a\\\\\0\\\eng|\
=034  1\$aa$b4700$dW0014856$eW0014957$fN0513013$gN0512933$2bound
=040  \\$aUk$beng$cUk$dUk
=042  \\$aukblsr
=082  04$a912.42134$223
=110  2\$aDay & Son.
=245  10$aPlan of estates in the parishes of Kensington and St Margarets Westminster, in the county of Middlesex, purchesed by Her Majesty's Commissioners for the Exhibition of 1851.
=255  \\$aScale approximately 1:4,700$c(W 1°48'56"--W 1°49'57"/N 51°30'13"--N 51°29'33").
=260  \\$a[London] :$bDay & Son Lithrs. to the Queen,$c[ca. 1851]
=300  \\$a1 map :$bcol. ;$c24 x 33 cm
=336  \\$acartographic image$2rdacontent
=337  \\$aunmediated$2rdamedia
=338  \\$asheet$2rdacarrier
=500  \\$aShows the site of the Great Exhibition building in Hyde Park.
=500  \\$aBoundaries of the four properties comprising the commissioners' estate outlined in colour; key to colours below title.
=510  4\$aCrace, John Gregory, A catalogue of maps, plans and views of London, Westminster and Southwark collected and arranged by Frederick Crace (1878),$cno. 15, p. 64
=510  4\$aFrench, Josephine. Tooley's dictionary of mapmakers A-D (1999),$cp. 343-344
=520  \\$aThe site in South Kensington depicted in green on this plan was purchased by the Queen's Commissioners to host the Great Exhibition of 1851. The title, key to colours, compass star and scale bar appear down the left side of the plate. The boundaries of the four properties comprising the commissioners' estate are outlined as follows: Gore House in blue, Villar in red, Harrington in yellow and the Smith's Charity Estate in brown.
=611  20$aGreat Exhibition$d(1851 :$cLondon, England)
=651  \0$aKensington (London, England)$vMaps.
=651  \0$aHyde Park (London, England)$vMaps.
=651  \0$aLondon (England)$vMaps.
=655  \7$aMaps.$2fast$0(OCoLC)fst01423704
=700  1\$aCrace, Frederick,$d1779-1859,$eformer owner.
=700  1\$aCrace, John Gregory,$d1809-1889,$edonor.
=852  41$aBritish Library$bMAPS$jMaps Crace Port. 10.15
=856  41$3Copy at Maps Crace Port. 10.15$uhttp://www.bl.uk/onlinegallery/onlineex/crace/p/007zzz000000010u00015000.html$yDigitised map
=985  \\$aUpgraded from BL georeferencer data 2022-11-17.
=985  \\$aRecord amended for WR1606-1727
=985  \\$aUpdated by MS generated file for WR2302-017
=CAT  \\$a12842$b40$c20120911$lBLL01$h1828
=CAT  \\$aWR13.117$c20130718$lBLL01$h1854
=CAT  \\$a12842$b40$c20131004$lBLL01$h1607
=CAT  \\$aW1606-1727$c20160825$lBLL01$h1742
=CAT  \\$a14185$b40$c20221201$lBLL01$h1546
=CAT  \\$a14185$b40$c20221202$lBLL01$h1408
=CAT  \\$aW2302-0174$c20230223$lBLL01$h1959
=FIN  \\$aY$d20120911
=FMT  \\$a  MP
=LAS  \\$aW2302-0174$b00$c20230223$lBLL01$h1959

