=LDR  02960cfm a2200553 a 4500
=001  016169099
=003  Uk
=005  20230223161636.0
=007  aj\canzn
=008  120911q1730\\\\xx\||||||\a\\\\\0\\\eng|\
=034  1\$aa$dW0014958$eW0015143$fN0513058$gN0512959$2bound
=040  \\$aUk$beng$cUk$dUk
=042  \\$aukblsr
=082  04$a912.421$223
=245  00$a[Plan of the parish of St George, Hannover Square].
=255  \\$aScale not given$c(W 1°49'58"--W 1°51'43"/N 51°30'58"--N 51°29'59").
=260  \\$c[1730]
=300  \\$a1 map :$bhand col. ;$c42 x 57 cm
=336  \\$acartographic image$2rdacontent
=337  \\$aunmediated$2rdamedia
=338  \\$asheet$2rdacarrier
=500  \\$aPen and ink with wash on paper with additions in pencil in later hand.
=500  \\$aTitle and date taken from A catalogue of maps, plans and views of London, Westminster and Southwark collected and arranged by Frederick Crace, 1878.
=500  \\$aCovers area from Oxford Street to Piccadilly and Arlington Street; streets and squares numbered for reference with key at left portion of sheet.
=510  4\$aCrace, John Gregory, A catalogue of maps, plans and views of London, Westminster and Southwark collected and arranged by Frederick Crace (1878),$cno. 16, p. 65
=520  \\$aThe streets of the parish are numbered in red ink for reference, with a key along the left side of the sheet. The Parish of St George was created in 1725 and covered an area previously in the Parish of St. Martin-in-the-Fields that stretched from Regent Street (then called Swallow Street) to the Serpentine, and from Oxford Street to Mayfair, Belgravia and Pimlico.
=651  \0$aHyde Park (London, England)$vMaps$vEarly works to 1800.
=651  \0$aMayfair (London, England)$vMaps$vEarly works to 1800.
=651  \0$aGrosvenor Square (London, England)$vMaps$vEarly works to 1800.
=651  \0$aLondon (England)$vMaps$vEarly works to 1800.
=655  \7$aEarly maps.$2fast$0(OCoLC)fst01752681
=700  1\$aCrace, Frederick,$d1779-1859,$eformer owner.
=700  1\$aCrace, John Gregory,$d1809-1889,$edonor.
=852  41$aBritish Library$bMAPS$jMaps Crace Port. 10.16
=856  41$3Copy at Maps Crace Port. 10.16$uhttp://www.bl.uk/onlinegallery/onlineex/crace/other/007zzz000000010u00016000.html$yDigitised map
=985  \\$aUpgraded from BL georeferencer data 2022-11-17.
=985  \\$aRecord amended for WR1606-1727
=985  \\$aUpdated by MS generated file for WR2302-017
=CAT  \\$a12842$b40$c20120911$lBLL01$h1855
=CAT  \\$a12842$b40$c20120912$lBLL01$h1055
=CAT  \\$aWR13.117$c20130718$lBLL01$h1854
=CAT  \\$a12842$b40$c20131004$lBLL01$h1609
=CAT  \\$aW1606-1727$c20160825$lBLL01$h1743
=CAT  \\$a14185$b40$c20221201$lBLL01$h1749
=CAT  \\$a14185$b40$c20221204$lBLL01$h1911
=CAT  \\$aW2302-0174$c20230223$lBLL01$h1959
=FIN  \\$aY$d20120911
=FMT  \\$a  MP
=LAS  \\$aW2302-0174$b00$c20230223$lBLL01$h1959

