=LDR  03413cem a2200589 a 4500
=001  016169231
=003  Uk
=005  20230223161636.0
=007  aj\aanzn
=008  120912s1761\\\\enk||||||\a\\\\\0\\\eng|\
=034  1\$aa$dW0015014$eW0015202$fN0513102$gN0512948$2bound
=040  \\$aUk$beng$cUk$dUk
=042  \\$aukblsr
=082  04$a912.42132$223
=100  10$aBickham, George,$d1706?-1771.
=245  10$aSt Georges parish, Hanover Square. :$bWith the views of the church and chapels of ease from the original survey of the late Mr Morris.
=255  \\$aScale not given$c(W 1°50'14"--W 1°52'02"/N 51°31'02"--N 51°29'48").
=260  \\$a[London] :$bpublished & sold in Mary's Buildings by G. Bickham engraver,$c1761.
=300  \\$a1 map ;$c25 x 20 cm
=336  \\$acartographic image$2rdacontent
=337  \\$aunmediated$2rdamedia
=338  \\$asheet$2rdacarrier
=500  \\$aContains dedication to Earl Lichfield, Sir Charles Tynte and the nobility of the vestry of St George's parish.
=500  \\$aDate in imprint appears to be altered.
=500  \\$aSurrounded by 7 views of churches and chapels.
=500  \\$aStreets and squares numbered for reference with key at lower left and right.
=510  4\$aCrace, John Gregory, A catalogue of maps, plans and views of London, Westminster and Southwark collected and arranged by Frederick Crace (1878),$cno. 17, p. 65
=510  4\$aWorms, Laurence, Baynton-Williams, Ashley. British map engravers: a dictionary of engravers, lithographers and their principal employers,$bto 1850,$cpp. 78-79
=520  \\$aThis plan of the Parish of St George is surrounded by views of St George's church, Knightsbridge chapel, Conduit Street chapel, Chelsea chapel, Audley Street chapel and Berkeley chapel, the whole set within a decorative border. The title and imprint appear at the foot of the plate. The Parish of St George was created in 1725 and covered an area previously in the Parish of St. Martin-in-the-Fields that stretched from Regent Street (then called Swallow Street) to the Serpentine, and from Oxford Street to Mayfair, Belgravia and Pimlico.
=650  \0$aChurch buildings$zEngland$zLondon$vMaps.
=651  \0$aGrosvenor Square (London, England)$vMaps$vEarly works to 1800.
=651  \0$aMayfair (London, England)$vMaps$vEarly works to 1800.
=651  \0$aLondon (England)$vMaps$vEarly works to 1800.
=655  \7$aEarly maps.$2fast$0(OCoLC)fst01752681
=700  1\$aCrace, Frederick,$d1779-1859,$eformer owner.
=700  1\$aCrace, John Gregory,$d1809-1889,$edonor.
=852  41$aBritish Library$bMAPS$jMaps Crace Port. 10.17
=856  41$3Copy at Maps Crace Port. 10.17$uhttp://www.bl.uk/onlinegallery/onlineex/crace/other/007zzz000000010u00017000.html$yDigitised map
=985  \\$aUpgraded from BL georeferencer data 2022-11-17.
=985  \\$aRecord amended for WR1606-1727
=985  \\$aUpdated by MS generated file for WR2302-017
=CAT  \\$a12842$b40$c20120912$lBLL01$h1124
=CAT  \\$aWR13.117$c20130718$lBLL01$h1854
=CAT  \\$a12842$b40$c20131004$lBLL01$h1610
=CAT  \\$aW1606-1727$c20160825$lBLL01$h1742
=CAT  \\$aBATCH-UPD$b00$c20160825$lBLL01$h1745
=CAT  \\$a14185$b40$c20221201$lBLL01$h1546
=CAT  \\$a14185$b40$c20221202$lBLL01$h1409
=CAT  \\$aW2302-0174$c20230223$lBLL01$h1959
=FIN  \\$aY$d20120912
=FMT  \\$a  MP
=LAS  \\$aW2302-0174$b00$c20230223$lBLL01$h1959

