=LDR  02453cfm a2200553 a 4500
=001  016169356
=003  Uk
=005  20230223161636.0
=007  aj\canzn
=008  120912q1815\\\\|||||||||\a\\\\\0\\\eng|\
=034  0\$aa
=040  \\$aUk$beng$cUk$dUk
=042  \\$aukblsr
=082  04$a912.42132$223
=245  00$aMap of the Grosvenor Estate in St George's parish as it was in the year 1723.
=255  \\$aScale not given.
=260  \\$c[ca. 1815?]
=300  \\$a1 map :$bhand col. ;$c45 x 64 cm
=336  \\$acartographic image$2rdacontent
=337  \\$aunmediated$2rdamedia
=338  \\$asheet$2rdacarrier
=500  \\$aPen and ink with wash on tracing paper with additions in later hand.
=500  \\$aA tracing of a plan showing the Grosvenor Estate in the parish of St George ca. 1723.
=500  \\$aShows the reservoir of the Chelsea Waterworks, the proposal for the aqueduct and Grosvenor Square development.
=500  \\$aParish boundaries outlined in red, properties in the estate coloured pink; some buildings and shipping on the river shown pictorially.
=510  4\$aCrace, John Gregory, A catalogue of maps, plans and views of London, Westminster and Southwark collected and arranged by Frederick Crace (1878),$cno. 19, p. 65
=651  \0$aWestminster (London, England)$vMaps.
=651  \0$aGrosvenor Square (London, England)$vMaps.
=651  \0$aMayfair (London, England)$vMaps.
=651  \0$aPimlico (London, England)$vMaps.
=651  \0$aLondon (England)$vMaps.
=655  \7$aMaps.$2fast$0(OCoLC)fst01423704
=700  1\$aCrace, Frederick,$d1779-1859,$eformer owner.
=700  1\$aCrace, John Gregory,$d1809-1889,$edonor.
=852  41$aBritish Library$bMAPS$jMaps Crace Port. 10.19
=856  41$3Copy at Maps Crace Port. 10.19$uhttp://www.bl.uk/onlinegallery/onlineex/crace/m/007zzz000000010u00019000.html$yDigitised map
=985  \\$aRecord amended for WR1606-1727
=985  \\$aUpdated by MS generated file for WR2302-017
=CAT  \\$a12842$b40$c20120912$lBLL01$h1358
=CAT  \\$a12842$b40$c20120912$lBLL01$h1412
=CAT  \\$a12842$b40$c20130104$lBLL01$h1451
=CAT  \\$aWR13.117$c20130718$lBLL01$h1854
=CAT  \\$a12842$b40$c20131004$lBLL01$h1616
=CAT  \\$a12842$b40$c20131004$lBLL01$h1621
=CAT  \\$aW1606-1727$c20160825$lBLL01$h1742
=CAT  \\$aW2302-0174$c20230223$lBLL01$h1959
=FIN  \\$aY$d20120912
=FMT  \\$a  MP
=LAS  \\$aW2302-0174$b00$c20230223$lBLL01$h1959

