=LDR  03278cem a2200601 a 4500
=001  016169409
=003  Uk
=005  20230223161636.0
=007  aj\canzn
=008  120912q1831\\\\|||||||||\a\\\\\0\\\eng|\
=034  1\$aa$dW0014956$eW0015241$fN0513104$gN0512850$2bound
=040  \\$aUk$beng$cUk$dUk
=042  \\$aukblsr
=082  04$a912.42132$223
=245  00$aMap of the Grosvenor Estate as it was in the year 1723 with the intended streets about Grosvenor Square.
=255  \\$aScale not given$c(W 1°49'56"--W 1°52'41"/N 51°31'04"--N 51°28'50").
=260  \\$c[1831]
=300  \\$a1 map :$bcol. ;$c49 x 70 cm
=336  \\$acartographic image$2rdacontent
=337  \\$aunmediated$2rdamedia
=338  \\$asheet$2rdacarrier
=500  \\$aDate in imprint taken from A catalogue of maps, plans and views of London, Westminster and Southwark collected and arranged by Frederick Crace, 1878.
=500  \\$aShows the proposal for Grosvenor Square development but not the Chelsea Waterworks, which featured in the original drawing from which this print was produced.
=500  \\$aParish boundaries outlined in red, properties in the Grosvenor estate coloured pink; some buildings and shipping on the river shown pictorially.
=500  \\$aExplanatory note at bottom right.
=510  4\$aCrace, John Gregory, A catalogue of maps, plans and views of London, Westminster and Southwark collected and arranged by Frederick Crace (1878),$cno. 20, p. 66
=520  \\$aThe title of this plan features at top right, with compass star at middle right and explanatory note at bottom right. The boundaries of the St George parish are outlined in red, with the properties in the estate in pink, and parks and open spaces in green. The plan shows the proposed new street plans for Grosvenor Square, but not the Chelsea waterworks,which featured in the original drawing from which this print was produced.
=651  \0$aKensington and Chelsea (London, England)$vMaps.
=651  \0$aGrosvenor Square (London, England)$vMaps.
=651  \0$aMayfair (London, England)$vMaps.
=651  \0$aPimlico (London, England)$vMaps.
=651  \0$aLondon (England)$vMaps.
=655  \7$aMaps.$2fast$0(OCoLC)fst01423704
=700  1\$aCrace, Frederick,$d1779-1859,$eformer owner.
=700  1\$aCrace, John Gregory,$d1809-1889,$edonor.
=852  41$aBritish Library$bMAPS$jMaps Crace Port. 10.20
=856  41$3Copy at Maps Crace Port. 10.20$uhttp://www.bl.uk/onlinegallery/onlineex/crace/m/007000000000010u00020000.html$yDigitised map
=985  \\$aUpgraded from BL georeferencer data 2022-11-17.
=985  \\$aRecord amended for WR1606-1727
=985  \\$aUpdated by MS generated file for WR2302-017
=CAT  \\$a12842$b40$c20120912$lBLL01$h1438
=CAT  \\$a12842$b40$c20120912$lBLL01$h1442
=CAT  \\$a12842$b40$c20120912$lBLL01$h1447
=CAT  \\$aWR13.117$c20130718$lBLL01$h1854
=CAT  \\$a12842$b40$c20131004$lBLL01$h1618
=CAT  \\$a12842$b40$c20131004$lBLL01$h1620
=CAT  \\$aW1606-1727$c20160825$lBLL01$h1742
=CAT  \\$a14185$b40$c20221201$lBLL01$h1750
=CAT  \\$a14185$b40$c20221204$lBLL01$h1912
=CAT  \\$aW2302-0174$c20230223$lBLL01$h1959
=FIN  \\$aY$d20120912
=FMT  \\$a  MP
=LAS  \\$aW2302-0174$b00$c20230223$lBLL01$h1959

