=LDR  02883cem a2200577 a 4500
=001  016169443
=003  Uk
=005  20230223161636.0
=007  aj\canzn
=008  120912q1815\\\\|||||||||\a\\\\\0\\\eng|\
=034  1\$aa$dW0015033$eW0015217$fN0513043$gN0512857$2bound
=040  \\$aUk$beng$cUk$dUk
=042  \\$aukblsr
=082  04$a912.42132$223
=100  1\$aSaunders, G.
=245  10$a[Plan of the Manor of Eybury, made 1614, showing the watercourse from Oxford Street to the Thames].
=255  \\$aScale not given$c(W 1°50'33"--W 1°52'17"/N 51°30'43"--N 51°28'57").
=260  \\$c[ca. 1815?]
=300  \\$a1 map :$bhand col. ;$c91 x 45 cm
=336  \\$acartographic image$2rdacontent
=337  \\$aunmediated$2rdamedia
=338  \\$asheet$2rdacarrier
=500  \\$aCopyist name and title taken from A catalogue of maps, plans and views of London, Westminster and Southwark collected and arranged by Frederick Crace, 1878.
=500  \\$aNote at lower right: From the records relating to the Grosvenor Estate at Westminster, 1614.
=500  \\$aWatercourse, roads and green spaces coloured.
=500  \\$aShows canals running from Oxford Street to the Thames later used to operate the Chelsea Waterworks.
=510  2\$aCrace, John Gregory, A catalogue of maps, plans and views of London, Westminster and Southwark collected and arranged by Frederick Crace (1878),$cno. 21, p. 66
=520  \\$aThis is a 19th-Century copy of a 1614 survey found in the records relating to the Grosvenor Estate. The plan shows the low-lying canals running from Oxford Street to the River Thames that were later used to operate the Chelsea Waterworks.
=650  \0$aWaterworks$zEngland$zLondon$vMaps.
=651  \0$aKensington and Chelsea (London, England)$vMaps.
=651  \0$aWestminster (London, England)$vMaps.
=651  \0$aLondon (England)$vMaps.
=655  \7$aMaps.$2fast$0(OCoLC)fst01423704
=700  1\$aCrace, Frederick,$d1779-1859,$eformer owner.
=700  1\$aCrace, John Gregory,$d1809-1889,$edonor.
=852  41$aBritish Library$bMAPS$jMaps Crace Port. 10.21
=856  41$3Copy at Maps Crace Port. 10.21$uhttp://www.bl.uk/onlinegallery/onlineex/crace/other/007zzz000000010u00021000.html$yDigitised map
=985  \\$aUpgraded from BL georeferencer data 2022-11-17.
=985  \\$aRecord amended for WR1606-1727
=985  \\$aUpdated by MS generated file for WR2302-017
=CAT  \\$a12842$b40$c20120912$lBLL01$h1517
=CAT  \\$a12842$b40$c20130104$lBLL01$h1453
=CAT  \\$aWR13.117$c20130718$lBLL01$h1854
=CAT  \\$a12842$b40$c20131004$lBLL01$h1620
=CAT  \\$aW1606-1727$c20160825$lBLL01$h1742
=CAT  \\$a14185$b40$c20221201$lBLL01$h1750
=CAT  \\$a14185$b40$c20221204$lBLL01$h1913
=CAT  \\$aW2302-0174$c20230223$lBLL01$h1959
=FIN  \\$aY$d20120912
=FMT  \\$a  MP
=LAS  \\$aW2302-0174$b00$c20230223$lBLL01$h1959

