=LDR  02359cem a2200529 a 4500
=001  016169564
=003  Uk
=005  20230223161636.0
=007  aj\canzn
=008  120912q1815\\\\xx\||||||\a\\\\\0\\\eng|\
=034  1\$aa$b3300
=040  \\$aUk$beng$cUk$dUk
=042  \\$aukblsr
=082  04$a912.421$223
=100  1\$aMacKay, John,$esurveyor.
=245  12$aA map of meadows lett by lease to the Governour and Company of Chelsea Waterworks in the year 1727 /$csurveyed by Iohn Mackay.
=255  \\$aScale [ca. 1:3,300].
=260  \\$c[ca. 1815?]
=300  \\$a1 map :$bhand col. ;$c41 x 67 cm
=336  \\$acartographic image$2rdacontent
=337  \\$aunmediated$2rdamedia
=338  \\$asheet$2rdacarrier
=500  \\$aPen and ink with wash on tracing paper with additions in later hand.
=500  \\$aA tracing copied from the original survey from 1727 produced by John Mackay.
=500  \\$aShows Dame Mary Grosvenor's property near Millbank; estates numbered for reference.
=500  \\$aIncludes register of occupiers with lease details, right margin.
=500  \\$aNote at the bottom left: The Water Company's seal [illegible] attached to the Lease is dated 1723.
=510  4\$aCrace, John Gregory, A catalogue of maps, plans and views of London, Westminster and Southwark collected and arranged by Frederick Crace (1878),$cno. 22, p. 66
=651  \0$aWestminster (London, England)$vMaps.
=651  \0$aLondon (England)$vMaps.
=655  \7$aMaps.$2fast$0(OCoLC)fst01423704
=700  1\$aCrace, Frederick,$d1779-1859,$eformer owner.
=700  1\$aCrace, John Gregory,$d1809-1889,$edonor.
=852  41$aBritish Library$bMAPS$jMaps Crace Port. 10.22
=856  41$3Copy at Maps Crace Port. 10.22$uhttp://www.bl.uk/onlinegallery/onlineex/crace/a/007zzz000000010u00022000.html$yDigitised map
=985  \\$aRecord amended for WR1606-1727
=985  \\$aUpdated by MS generated file for WR2302-017
=CAT  \\$a12842$b40$c20120912$lBLL01$h1737
=CAT  \\$a12842$b40$c20130226$lBLL01$h1132
=CAT  \\$aWR13.117$c20130718$lBLL01$h1854
=CAT  \\$a12842$b40$c20131004$lBLL01$h1622
=CAT  \\$aBATCH-UPD$b40$c20141222$lBLL01$h2302
=CAT  \\$aW1606-1727$c20160825$lBLL01$h1742
=CAT  \\$aW2302-0174$c20230223$lBLL01$h1959
=FIN  \\$aY$d20120912
=FMT  \\$a  MP
=LAS  \\$aW2302-0174$b00$c20230223$lBLL01$h1959

