=LDR  02998cfm a2200565 a 4500
=001  016169568
=003  Uk
=005  20230223161636.0
=007  aj\canzn
=008  120912s1827\\\\enk||||||\a\\\\\0\\\eng|\
=034  1\$aa$b3168$dW0015017$eW0015240$fN0512958$gN0512853$2bound
=040  \\$aUk$beng$cUk$dUk
=042  \\$aukblsr
=082  04$a912.42132$223
=100  10$aNelson, J.
=245  10$aPlan of lands in the vicinity of the River Thames between Pimlico, Chelsea Hospital, and the Penitentiary at Millbank :$bshewing the creeks of the Chelsea Water Works, the Ranelagh sewer and the Kings Scholars Pond sewer. /$cDrawn by J. Nelson.
=255  \\$aScale approximately 1:3,168$c(W 1°50'17"--W 1°52'40"/N 51°29'58"--N 51°28'53").
=260  \\$a[London],$cJuly 1827.
=300  \\$a1 map :$bhand col. ;$c57 x 69 cm
=336  \\$acartographic image$2rdacontent
=337  \\$aunmediated$2rdamedia
=338  \\$asheet$2rdacarrier
=500  \\$aPen and ink with wash on paper.
=500  \\$aCopied from a plan produced by Peter Potter in 1815.
=500  \\$aShows the reservoirs of the Chelsea Water Company and the Ranelagh and Scholars Pond sewers; watercourses shown in blue.
=500  \\$aNames of land owners given.
=510  4\$aCrace, John Gregory, A catalogue of maps, plans and views of London, Westminster and Southwark collected and arranged by Frederick Crace (1878),$cno. 23, p. 66
=520  \\$aThis plan of the parishes of Chelsea and St George, Hanover Square, shows the reservoirs of the Chelsea Water Company and the Ranelagh and Scholars Pond sewers. The note at lower left explains that the drawing is taken from the general plan of the district's sewers made by Peter Potter in 1815. Also shown in the plan are the Ranelagh Gardens, near Chelsea Hospital, which was last licensed as a place of public resort in 1804.
=651  \0$aWestminster (London, England)$vMaps.
=651  \0$aLondon (England)$vMaps.
=655  \7$aMaps.$2fast$0(OCoLC)fst01423704
=700  1\$aCrace, Frederick,$d1779-1859,$eformer owner.
=700  1\$aCrace, John Gregory,$d1809-1889,$edonor.
=700  1\$aPotter, Peter.
=852  41$aBritish Library$bMAPS$jMaps Crace Port. 10.23
=856  41$3Copy at Maps Crace Port. 10.23$uhttp://www.bl.uk/onlinegallery/onlineex/crace/p/007zzz000000010u00023000.html$yDigitised map
=985  \\$aUpgraded from BL georeferencer data 2022-11-17.
=985  \\$aRecord amended for WR1606-1727
=985  \\$aUpdated by MS generated file for WR2302-017
=CAT  \\$a12842$b40$c20120912$lBLL01$h1800
=CAT  \\$aWR13.117$c20130718$lBLL01$h1854
=CAT  \\$a12842$b40$c20131004$lBLL01$h1624
=CAT  \\$aBATCH-UPD$b40$c20141215$lBLL01$h0319
=CAT  \\$aW1606-1727$c20160825$lBLL01$h1742
=CAT  \\$a14185$b40$c20221201$lBLL01$h1547
=CAT  \\$a14185$b40$c20221202$lBLL01$h1410
=CAT  \\$aW2302-0174$c20230223$lBLL01$h1959
=FIN  \\$aY$d20120912
=FMT  \\$a  MP
=LAS  \\$aW2302-0174$b00$c20230223$lBLL01$h1959

