=LDR  02743cfm a2200553 a 4500
=001  016169844
=003  Uk
=005  20230223161637.0
=007  aj\canzn
=008  120913q1827\\\\|||||||||\a\\\\\0\\\eng|\
=034  1\$aa$dW0015033$eW0015237$fN0512958$gN0512856$2bound
=040  \\$aUk$beng$cUk$dUk
=042  \\$aukblsr
=082  04$a912.42132$223
=245  00$a[Plan of the estate belonging to Lord Grosvenor, showing proposed lines of streets and buildings in Pimlico].
=255  \\$aScale not given$c(W 1°50'33"--W 1°52'37"/N 51°29'58"--N 51°28'56").
=260  \\$c[1827]
=300  \\$a1 map :$bhand col. ;$c76 x 65 cm
=336  \\$acartographic image$2rdacontent
=337  \\$aunmediated$2rdamedia
=338  \\$asheet$2rdacarrier
=500  \\$aPen and ink with wash on tracing paper.
=500  \\$aDate and title taken from A catalogue of maps, plans and views of London, Westminster and Southwark collected and arranged by Frederick Crace, 1878.
=500  \\$aShows the reservoirs of the Chelsea Water Company and the development of Pimlico area including proposed new buildings and street layout.
=500  \\$aNames of land owners given; watercourses shown in blue; some dimensions given.
=510  4\$aCrace, John Gregory, A catalogue of maps, plans and views of London, Westminster and Southwark collected and arranged by Frederick Crace (1878),$cno. 24, p. 66
=520  \\$aThis plan of Pimlico shows the reservoirs of the Chelsea Water Company, the Ranelagh and Scholars Pond sewers and the proposed new buildings and street layout.
=650  \0$aCity planning$zEngland$zLondon$vMaps.
=650  \0$aReal property$zEngland$zLondon$vMaps.
=651  \0$aWestminster (London, England)$vMaps.
=651  \0$aPimlico (London, England)$vMaps.
=655  \7$aMaps.$2fast$0(OCoLC)fst01423704
=700  1\$aCrace, Frederick,$d1779-1859,$eformer owner.
=700  1\$aCrace, John Gregory,$d1809-1889,$edonor.
=852  41$aBritish Library$bMAPS$jMaps Crace Port. 10.24
=856  41$3Copy at Maps Crace Port. 10.24$uhttp://www.bl.uk/onlinegallery/onlineex/crace/other/007zzz000000010u00024000.html$yDigitised map
=985  \\$aUpgraded from BL georeferencer data 2022-11-17.
=985  \\$aRecord amended for WR1606-1727
=985  \\$aUpdated by MS generated file for WR2302-017
=CAT  \\$a12842$b40$c20120913$lBLL01$h1138
=CAT  \\$aWR13.117$c20130718$lBLL01$h1854
=CAT  \\$a12842$b40$c20131004$lBLL01$h1626
=CAT  \\$aW1606-1727$c20160825$lBLL01$h1742
=CAT  \\$a14185$b40$c20221201$lBLL01$h1750
=CAT  \\$a14185$b40$c20221204$lBLL01$h1914
=CAT  \\$aW2302-0174$c20230223$lBLL01$h1959
=FIN  \\$aY$d20120913
=FMT  \\$a  MP
=LAS  \\$aW2302-0174$b00$c20230223$lBLL01$h1959

