=LDR  02838cfm a2200541 a 4500
=001  016169864
=003  Uk
=005  20230223161637.0
=007  aj\canzn
=008  120913s1825\\\\|||||||||\a\\\\\0\\\eng|\
=034  1\$aa$dW0015029$eW0015122$fN0513015$gN0512931$2bound
=040  \\$aUk$beng$cUk$dUk
=042  \\$aukblsr
=082  04$a912.42132$223
=245  00$aPlan of a leasehold estate situate at Pimlico in the county of Middlesex belonging to [...].
=255  \\$aScale not given$c(W 1°50'29"--W 1°51'22"/N 51°30'15"--N 51°29'31").
=260  \\$c1825.
=300  \\$a1 map :$bhand col. ;$c38 x 51 cm
=336  \\$acartographic image$2rdacontent
=337  \\$aunmediated$2rdamedia
=338  \\$asheet$2rdacarrier
=500  \\$aPen and ink with wash on paper with additions in pencil in later hand.
=500  \\$aPenultimate line in title erased. Belgrave Square was laid out by the property contractor Thomas Cubitt for the 2nd Earl Grosvenor, later the 1st Marquess of Westminster, Robert Grosvenor in the 1820s.
=500  \\$aSome street names added in pencil; buildings, green spaces and watercourses coloured.
=510  4\$aCrace, John Gregory, A catalogue of maps, plans and views of London, Westminster and Southwark collected and arranged by Frederick Crace (1878),$cno. 25, p. 66
=520  \\$aThis is a plan of the leasehold of Earl Grosvenor,later Marquis of Westminster, in Belgrave Square. Earl Grosvenor was granted permission by Parliament to develop the ten acre site in 1826, and commissioned the young architect George Basevi, a pupil of John Soane's, to design the square. Grosvenor's name has been smudged from the title at top right.
=650  \0$aReal property$zEngland$zLondon$vMaps.
=651  \0$aBelgravia (London, England)$vMaps.
=651  \0$aWestminster (London, England)$vMaps.
=651  \0$aLondon (England)$vMaps.
=655  \7$aMaps.$2fast$0(OCoLC)fst01423704
=700  1\$aCrace, Frederick,$d1779-1859,$eformer owner.
=700  1\$aCrace, John Gregory,$d1809-1889,$edonor.
=852  41$aBritish Library$bMAPS$jMaps Crace Port. 10.25
=856  41$3Copy at Maps Crace Port. 10.25$uhttp://www.bl.uk/onlinegallery/onlineex/crace/p/007zzz000000010u00025000.html$yDigitised map
=985  \\$aUpgraded from BL georeferencer data 2022-11-17.
=985  \\$aRecord amended for WR1606-1727
=985  \\$aUpdated by MS generated file for WR2302-017
=CAT  \\$a12842$b40$c20120913$lBLL01$h1159
=CAT  \\$aWR13.117$c20130718$lBLL01$h1854
=CAT  \\$a12842$b40$c20131004$lBLL01$h1629
=CAT  \\$aW1606-1727$c20160825$lBLL01$h1742
=CAT  \\$a14185$b40$c20221201$lBLL01$h1751
=CAT  \\$a14185$b40$c20221204$lBLL01$h1914
=CAT  \\$aW2302-0174$c20230223$lBLL01$h1959
=FIN  \\$aY$d20120913
=FMT  \\$a  MP
=LAS  \\$aW2302-0174$b00$c20230223$lBLL01$h1959

