=LDR  02868cfm a2200589 a 4500
=001  016169907
=003  Uk
=005  20230223161637.0
=007  aj\canzn
=008  120913s1850\\\\|||||||||\a\\\\\0\\\eng|\
=034  1\$aa$b1580$dW0015022$eW0015109$fN0513010$gN0512934$2bound
=040  \\$aUk$beng$cUk$dUk
=042  \\$aukblsr
=082  04$a912.42132$223
=100  1\$aChawner, Thomas,$d1774-1851.
=245  10$a[Plan of Belgrave Square and the property adjoining] /$cT. Chawner.
=255  \\$aScale approximately 1:1,580$c(W 1°50'22"--W 1°51'09"/N 51°30'10"--N 51°29'34").
=260  \\$c1850.
=300  \\$a1 map :$bhand col. ;$c63 x 48 cm
=336  \\$acartographic image$2rdacontent
=337  \\$aunmediated$2rdamedia
=338  \\$asheet$2rdacarrier
=500  \\$aPen and ink with wash on paper with additions in pencil.
=500  \\$aTitle taken from A catalogue of maps, plans and views of London, Westminster and Southwark collected and arranged by Frederick Crace, 1878.
=500  \\$aNames of landowners given; buildings and green spaces coloured.
=510  4\$aCrace, John Gregory, A catalogue of maps, plans and views of London, Westminster and Southwark collected and arranged by Frederick Crace (1878),$cno. 26, p. 66
=510  4\$aFrench, Josephine. Tooley's dictionary of mapmakers A-D (1999),$cp. 260
=520  \\$aThis drawn plan also shows adjoining properties in Knightsbridge. Earl Grosvenor was granted permission by Parliament to develop the ten acre site in 1826, and commissioned the young architect George Basevi, a pupil of Sir John Soane, to design the square.
=651  \0$aBelgravia (London, England)$vMaps.
=651  \0$aWestminster (London, England)$vMaps.
=651  \0$aLondon (England)$vMaps.
=655  \7$aMaps.$2fast$0(OCoLC)fst01423704
=700  1\$aCrace, Frederick,$d1779-1859,$eformer owner.
=700  1\$aCrace, John Gregory,$d1809-1889,$edonor.
=852  41$aBritish Library$bMAPS$jMaps Crace Port. 10.26
=856  41$3Copy at Maps Crace Port. 10.26$uhttp://www.bl.uk/onlinegallery/onlineex/crace/other/007zzz000000010u00026000.html$yDigitised map
=985  \\$aUpgraded from BL georeferencer data 2022-11-17.
=985  \\$aRecord amended for WR1606-1727
=985  \\$aUpdated by MS generated file for WR2302-017
=CAT  \\$a12842$b40$c20120913$lBLL01$h1301
=CAT  \\$a12842$b40$c20120913$lBLL01$h1346
=CAT  \\$a12842$b40$c20120913$lBLL01$h1347
=CAT  \\$a12842$b40$c20130131$lBLL01$h1219
=CAT  \\$aWR13.117$c20130718$lBLL01$h1854
=CAT  \\$a12842$b40$c20131004$lBLL01$h1630
=CAT  \\$aW1606-1727$c20160825$lBLL01$h1742
=CAT  \\$a14185$b40$c20221201$lBLL01$h1751
=CAT  \\$a14185$b40$c20221204$lBLL01$h1915
=CAT  \\$aW2302-0174$c20230223$lBLL01$h1959
=FIN  \\$aY$d20120913
=FMT  \\$a  MP
=LAS  \\$aW2302-0174$b00$c20230223$lBLL01$h1959

