=LDR  02773cem a2200529 a 4500
=001  016169991
=003  Uk
=005  20230223161637.0
=007  aj\aanzn
=008  120913q1768\\\\|||||||||\a\\\\\0\\\eng|\
=034  1\$aa$dW0015044$eW0015256$fN0513022$gN0512900$2bound
=040  \\$aUk$beng$cUk$dUk
=042  \\$aukblsr
=082  04$a912.42132$223
=245  02$aA plan of the road through Westminster and Tutthill Fields, & from St James's Park gate by Buckingham House & from Hide Park Corner to a bridge that is desired to be made over the Thames.
=255  \\$aScale not given$c(W 1°50'44"--W 1°52'56"/N 51°30'22"--N 51°29'00").
=260  \\$c[1768]
=300  \\$a1 map ;$c39 x 54 cm
=336  \\$acartographic image$2rdacontent
=337  \\$aunmediated$2rdamedia
=338  \\$asheet$2rdacarrier
=500  \\$aDate taken from A catalogue of maps, plans and views of London, Westminster and Southwark collected and arranged by Frederick Crace, 1878.
=500  \\$aProposed road through Tutthill Fields in Westminster leading to the new bridge at Vauxhall stippled and coloured brown.
=510  4\$aCrace, John Gregory, A catalogue of maps, plans and views of London, Westminster and Southwark collected and arranged by Frederick Crace (1878),$cno. 27, pp. 66-67
=520  \\$aThis engraved plan shows the road through Tutthill Fields in Westminster leading to the new bridge at Vauxhall. The plan's title features in banner at top left, with compass star at bottom right. The proposed new road stippled and highlighted in colour.
=651  \0$aWestminster (London, England)$vMaps$vEarly works to 1800.
=651  \0$aPimlico (London, England)$vMaps$vEarly works to 1800.
=651  \0$aLondon (England)$vMaps$vEarly works to 1800.
=655  \7$aEarly maps.$2fast$0(OCoLC)fst01752681
=700  1\$aCrace, Frederick,$d1779-1859,$eformer owner.
=700  1\$aCrace, John Gregory,$d1809-1889,$edonor.
=852  41$aBritish Library$bMAPS$jMaps Crace Port. 10.27
=856  41$3Copy at Maps Crace Port. 10.27$uhttp://www.bl.uk/onlinegallery/onlineex/crace/p/007zzz000000010u00027000.html$yDigitised map
=985  \\$aUpgraded from BL georeferencer data 2022-11-17.
=985  \\$aRecord amended for WR1606-1727
=985  \\$aUpdated by MS generated file for WR2302-017
=CAT  \\$a12842$b40$c20120913$lBLL01$h1415
=CAT  \\$a12842$b40$c20120913$lBLL01$h1425
=CAT  \\$aWR13.117$c20130718$lBLL01$h1854
=CAT  \\$a12842$b40$c20131004$lBLL01$h1632
=CAT  \\$aW1606-1727$c20160825$lBLL01$h1742
=CAT  \\$a14185$b40$c20221201$lBLL01$h1752
=CAT  \\$a14185$b40$c20221204$lBLL01$h1916
=CAT  \\$aW2302-0174$c20230223$lBLL01$h1959
=FIN  \\$aY$d20120913
=FMT  \\$a  MP
=LAS  \\$aW2302-0174$b00$c20230223$lBLL01$h1959

