=LDR  02346cfm a2200517 a 4500
=001  016169992
=003  Uk
=005  20230223161637.0
=007  aj\aanzn
=008  120913q1815\\\\|||||||||\a\\\\\0\\\eng|\
=034  0\$aa
=040  \\$aUk$beng$cUk$dUk
=042  \\$aukblsr
=082  04$a912.42132$223
=245  02$aA plan of the road through Westminster and Tutthill Fields, & from St James's Park gate by Buckingham House & from Hide Park Corner to a bridge that is desired to be made over the Thames, 1768.
=255  \\$aScale not given.
=260  \\$c[ca. 1815?]
=300  \\$a1 map ;$c40 x 57 cm
=336  \\$acartographic image$2rdacontent
=337  \\$aunmediated$2rdamedia
=338  \\$asheet$2rdacarrier
=500  \\$aPen and ink on tracing paper.
=500  \\$aA tracing of a plan from 1768 copied by Crace. Data taken from A catalogue of maps, plans and views of London, Westminster and Southwark collected and arranged by Frederick Crace, 1878.
=500  \\$aShows proposed road through Tutthill Fields in Westminster leading to the new bridge at Vauxhall.
=510  4\$aCrace, John Gregory, A catalogue of maps, plans and views of London, Westminster and Southwark collected and arranged by Frederick Crace (1878),$cno. 28, p. 67
=651  \0$aWestminster (London, England)$vMaps.
=651  \0$aPimlico (London, England)$vMaps.
=651  \0$aLondon (England)$vMaps.
=655  \7$aMaps.$2fast$0(OCoLC)fst01423704
=700  1\$aCrace, Frederick,$d1779-1859,$eformer owner.
=700  1\$aCrace, John Gregory,$d1809-1889,$edonor.
=852  41$aBritish Library$bMAPS$jMaps Crace Port. 10.28
=856  41$3Copy at Maps Crace Port. 10.28$uhttp://www.bl.uk/onlinegallery/onlineex/crace/p/007zzz000000010u00028000.html$yDigitised map
=985  \\$aRecord amended for WR1606-1727
=985  \\$aUpdated by MS generated file for WR2302-017
=CAT  \\$a12842$b40$c20120913$lBLL01$h1416
=CAT  \\$a12842$b40$c20120913$lBLL01$h1522
=CAT  \\$a12842$b40$c20120913$lBLL01$h1523
=CAT  \\$a12842$b40$c20120913$lBLL01$h1525
=CAT  \\$aWR13.117$c20130718$lBLL01$h1854
=CAT  \\$a12842$b40$c20131004$lBLL01$h1633
=CAT  \\$aW1606-1727$c20160825$lBLL01$h1742
=CAT  \\$aW2302-0174$c20230223$lBLL01$h1959
=FIN  \\$aY$d20120913
=FMT  \\$a  MP
=LAS  \\$aW2302-0174$b00$c20230223$lBLL01$h1959

