=LDR  02304cfm a2200517 a 4500
=001  016170454
=003  Uk
=005  20230223161637.0
=007  aj\canzn
=008  120914q1815\\\\|||||||||\a\\\\\0\\\eng|\
=034  0\$aa
=040  \\$aUk$beng$cUk$dUk
=042  \\$aukblsr
=082  04$a912.42132$223
=245  00$a[Plan of the land from Piccadilly to the Mulberry Garden and Goring Great Garden sold by Sir Thomas Grosvenor to the Earl of Arlington].
=255  \\$aScale not given.
=260  \\$c[ca. 1815]
=300  \\$a1 map :$bhand col. ;$c33 x 40 cm
=336  \\$acartographic image$2rdacontent
=337  \\$aunmediated$2rdamedia
=338  \\$asheet$2rdacarrier
=500  \\$aPen and ink with green wash on paper.
=500  \\$aTitle taken from A catalogue of maps, plans and views of London, Westminster and Southwark collected and arranged by Frederick Crace, 1878.
=500  \\$aA copy of original plan dated 22nd October 1681, from Sir Thomas Grosvenor's archives.
=500  \\$aIncludes an explanatory note below plan at lower centre.
=510  4\$aCrace, John Gregory, A catalogue of maps, plans and views of London, Westminster and Southwark collected and arranged by Frederick Crace (1878),$cno. 30, p. 67
=650  \0$aRoads$zEngland$zLondon$vMaps.
=651  \0$aWestminster (London, England)$vMaps.
=651  \0$aKnightsbridge (London, England)$vMaps.
=651  \0$aHyde Park (London, England)$vMaps.
=655  \7$aMaps.$2fast$0(OCoLC)fst01423704
=700  1\$aCrace, Frederick,$d1779-1859,$eformer owner.
=700  1\$aCrace, John Gregory,$d1809-1889,$edonor.
=852  41$aBritish Library$bMAPS$jMaps Crace Port. 10.30.(1.)
=856  41$3Copy at Maps Crace Port. 10.30.(1.)$uhttp://www.bl.uk/onlinegallery/onlineex/crace/other/007000000000010u00030000.html$yDigitised map
=985  \\$aRecord amended for WR1606-1727
=985  \\$aUpdated by MS generated file for WR2302-017
=CAT  \\$a12842$b40$c20120914$lBLL01$h1509
=CAT  \\$aWR13.117$c20130718$lBLL01$h1854
=CAT  \\$a12842$b40$c20131004$lBLL01$h1639
=CAT  \\$a12842$b40$c20131004$lBLL01$h1646
=CAT  \\$aW1606-1727$c20160825$lBLL01$h1742
=CAT  \\$aW2302-0174$c20230223$lBLL01$h1959
=FIN  \\$aY$d20120914
=FMT  \\$a  MP
=LAS  \\$aW2302-0174$b00$c20230223$lBLL01$h1959

