=LDR  02606cfm a2200553 a 4500
=001  016183829
=003  Uk
=005  20230223161640.0
=007  aj\canzn
=008  121004q1815\\\\|||||||||\a\\\\\0\\\eng|\
=034  1\$aa$dW0015022$eW0015137$fN0513014$gN0512938$2bound
=040  \\$aUk$beng$cUk$dUk
=042  \\$aukblsr
=082  04$a912.4212$223
=245  00$a[Plan of the Goring Estate, showing the site of Goring House in 1675].
=255  \\$aScale not given$c(W 1°50'22"--W 1°51'37"/N 51°30'14"--N 51°29'38").
=260  \\$c[ca. 1815]
=300  \\$a1 map :$bhand col. ;$c32 x 40 cm
=336  \\$acartographic image$2rdacontent
=337  \\$aunmediated$2rdamedia
=338  \\$asheet$2rdacarrier
=500  \\$aPen and ink with wash on paper.
=500  \\$aNote: 'Copied by Mr. Crace from the original' in A catalogue of maps, plans and views of London, Westminster and Southwark collected and arranged by Frederick Crace, 1878.
=500  \\$aShows the Goring House and gardens as it was in 1675, the site where Buckingham Palace was built.
=510  4\$aCrace, John Gregory, A catalogue of maps, plans and views of London, Westminster and Southwark collected and arranged by Frederick Crace (1878),$cno. 32, p. 67
=520  \\$aThis is a copy made by Crace in the 19th century of the Goring Estate in 1675. This is the site on which Buckingham Palace was built.
=650  \0$aReal property$zEngland$zLondon$vMaps.
=651  \0$aWestminster (London, England)$vMaps.
=651  \0$aBuckingham Palace (London, England)$vMaps.
=651  \0$aLondon (England)$vMaps.
=655  \7$aMaps.$2fast$0(OCoLC)fst01423704
=700  1\$aCrace, Frederick,$d1779-1859,$eformer owner.
=700  1\$aCrace, John Gregory,$d1809-1889,$edonor.
=852  41$aBritish Library$bMAPS$jMaps Crace Port. 10.32
=856  41$3Copy at Maps Crace Port. 10.32$uhttp://www.bl.uk/onlinegallery/onlineex/crace/other/007000000000010u00032000.html$yDigitised map
=985  \\$aUpgraded from BL georeferencer data 2022-11-17.
=985  \\$aRecord amended for WR1606-1727
=985  \\$aUpdated by MS generated file for WR2302-017
=CAT  \\$a12842$b40$c20121004$lBLL01$h1428
=CAT  \\$a12842$b40$c20130104$lBLL01$h1451
=CAT  \\$aWR13.117$c20130718$lBLL01$h1854
=CAT  \\$a12842$b40$c20131004$lBLL01$h1653
=CAT  \\$aW1606-1727$c20160825$lBLL01$h1742
=CAT  \\$a14185$b40$c20221201$lBLL01$h1752
=CAT  \\$a14185$b40$c20221204$lBLL01$h1917
=CAT  \\$aW2302-0174$c20230223$lBLL01$h1959
=FIN  \\$aY$d20121004
=FMT  \\$a  MP
=LAS  \\$aW2302-0174$b00$c20230223$lBLL01$h1959

