=LDR  03289cfm a2200637 a 4500
=001  016183948
=003  Uk
=005  20230223161640.0
=007  aj\canzn
=008  121004q1815\\\\|||||||||\a\\\\\0\\\eng|\
=034  1\$aa$dW0015110$eW0015137$fN0513011$gN0512953$2bound
=040  \\$aUk$beng$cUk$dUk
=042  \\$aukblsr
=082  04$a912.42132$223
=100  1\$aEvans, Charles,$esurveyor.
=245  10$aFreehold ground belonging to Sir Charles Sheffield, Bart. /$cCha. Evans.
=255  \\$aScale not given$c(W 1°51'10"--W 1°51'37"/N 51°30'11"--N 51°29'53").
=260  \\$c[ca. 1815?]
=300  \\$a1 map :$bhand col. ;$c31 x 40 cm
=336  \\$acartographic image$2rdacontent
=337  \\$aunmediated$2rdamedia
=338  \\$asheet$2rdacarrier
=500  \\$aPen and ink with wash on paper.
=500  \\$aA 19th century copy of Charles Evans' survey dated March 29th 1760.
=500  \\$aNote: 'Surveyed by Chas. Evans, 1760. Copied by Mr. Crace' in A catalogue of maps, plans and views of London, Westminster and Southwark collected and arranged by Frederick Crace, 1878.
=500  \\$aIncludes an explanatory note with terms of lease of various parts of the freehold and a key to identify lettered landmarks, at lower left; some dimensions reported.
=510  4\$aCrace, John Gregory, A catalogue of maps, plans and views of London, Westminster and Southwark collected and arranged by Frederick Crace (1878),$cno. 35, p. 68
=510  4\$aFrench, Josephine. Tooley's dictionary of mapmakers E-J (2001),$cp. 34
=520  \\$aThis is Crace's own copy of an 18th century survey of the freehold ground belonging to Sir Charles Sheffield, Duke of Buckingham. The drawing depicts the site where Buckingham Palace now stands. Explanatory note at lower left gives terms of lease of various parts of the freehold.
=650  \0$aReal property$zEngland$zLondon$vMaps.
=651  \0$aBuckingham Palace (London, England)$vMaps.
=651  \0$aWestminster (London, England)$vMaps.
=651  \0$aLondon (England)$vMaps.
=655  \7$aMaps.$2fast$0(OCoLC)fst01423704
=700  1\$aCrace, Frederick,$d1779-1859,$eformer owner.
=700  1\$aCrace, John Gregory,$d1809-1889,$edonor.
=700  1\$aSheffield, Charles,$cSir,$dapproximately 1706-1774,$eland owner.
=852  41$aBritish Library$bMAPS$jMaps Crace Port. 10.35.(1.)
=856  41$3Copy at Maps Crace Port. 10.35.(1.)$uhttp://www.bl.uk/onlinegallery/onlineex/crace/other/007000000000010u00035000.html$yDigitised map
=985  \\$aUpgraded from BL georeferencer data 2022-11-17.
=985  \\$aRecord amended for WR# 13/070
=985  \\$aRecord amended for WR1606-1727
=985  \\$aUpdated by MS generated file for WR2302-017
=CAT  \\$a12842$b40$c20121004$lBLL01$h1650
=CAT  \\$a12842$b40$c20130104$lBLL01$h1452
=CAT  \\$aWR13_070$b00$c20130504$lBLL01$h0340
=CAT  \\$aWR13.117$c20130718$lBLL01$h1854
=CAT  \\$a12842$b40$c20131004$lBLL01$h1704
=CAT  \\$a12842$b40$c20131004$lBLL01$h1710
=CAT  \\$aW1606-1727$c20160825$lBLL01$h1742
=CAT  \\$a14185$b40$c20221201$lBLL01$h1752
=CAT  \\$a14185$b40$c20221204$lBLL01$h1917
=CAT  \\$aW2302-0174$c20230223$lBLL01$h1959
=FIN  \\$aY$d20121004
=FMT  \\$a  MP
=LAS  \\$aW2302-0174$b00$c20230223$lBLL01$h1959

