=LDR  03120cfm a2200613 a 4500
=001  016189087
=003  Uk
=005  20230223161641.0
=007  aj\canzn
=008  121012s1767\\\\|||||||||\a\\\\\0\\\eng|\
=034  1\$aa$dW0015054$eW0015126$fN0513029$gN0513010$2bound
=040  \\$aUk$beng$cUk$dUk
=042  \\$aukblsr
=082  04$a912.42132$223
=100  1\$aHaynes, John,$dapproximately 1706-approximately 1770,$esurveyor.
=245  10$a[Plan of Park Lane to Half Moon Street] /$csurvey'd and drawn by John Haynes.
=255  \\$aScale not given$c(W 1°50'54"--W 1°51'26"/N 51°30'29"--N 51°30'10").
=260  \\$cJuly 10th 1767.
=300  \\$a1 map :$bhand col. ;$c52 x 70 cm
=336  \\$acartographic image$2rdacontent
=337  \\$aunmediated$2rdamedia
=338  \\$asheet$2rdacarrier
=500  \\$aPen and ink with wash on paper.
=500  \\$aShows development in Mayfair area including street layout and buildings in Curzon Street.
=500  \\$aGreat Brook Field outlined in green; some dimensions given.
=510  4\$aCrace, John Gregory, A catalogue of maps, plans and views of London, Westminster and Southwark collected and arranged by Frederick Crace (1878),$cno. 41, p. 67
=510  4\$aFrench, Josephine. Tooley's dictionary of mapmakers E-J (2001),$cp. 296
=510  4\$aWorms, Laurence, Baynton-Williams, Ashley. British map engravers: a dictionary of engravers, lithographers and their principal employers,$bto 1850,$cp. 308
=520  \\$aThis plan of Lord Berkley's Estate north of Piccadilly is based on a survey by Haynes in 1767. The plan shows the land from Tyburn Lane to Burlington House, including the Shoulder-of-Mutton Field, Audley Field and Great Brook Field, where the original May Fair was held. The plan also shows the new houses along Curzon Street.
=650  \0$aCity planning$zEngland$zLondon$vMaps.
=651  \0$aMayfair (London, England)$vMaps.
=651  \0$aWestminster (London, England)$vMaps.
=651  \0$aLondon (England)$vMaps.
=655  \7$aMaps.$2fast$0(OCoLC)fst01423704
=700  1\$aCrace, Frederick,$d1779-1859,$eformer owner.
=700  1\$aCrace, John Gregory,$d1809-1889,$edonor.
=852  41$aBritish Library$bMAPS$jMaps Crace Port. 10.41
=856  41$3Copy at Maps Crace Port. 10.41$uhttp://www.bl.uk/onlinegallery/onlineex/crace/other/007000000000010u00041000.html$yDigitised map
=985  \\$aUpgraded from BL georeferencer data 2022-11-17.
=985  \\$aRecord amended for WR# 13/070
=985  \\$aRecord amended for WR1606-1727
=985  \\$aUpdated by MS generated file for WR2302-017
=CAT  \\$a12842$b40$c20121012$lBLL01$h1148
=CAT  \\$aWR13_070$b00$c20130504$lBLL01$h0340
=CAT  \\$aWR13.117$c20130718$lBLL01$h1854
=CAT  \\$a12842$b40$c20131004$lBLL01$h1728
=CAT  \\$a7416$b40$c20140514$lBLL01$h1745
=CAT  \\$aW1606-1727$c20160825$lBLL01$h1742
=CAT  \\$a14185$b40$c20221201$lBLL01$h1753
=CAT  \\$a14185$b40$c20221204$lBLL01$h1918
=CAT  \\$aW2302-0174$c20230223$lBLL01$h1959
=FIN  \\$aY$d20121012
=FMT  \\$a  MP
=LAS  \\$aW2302-0174$b00$c20230223$lBLL01$h1959

