=LDR  02697cem a2200577 a 4500
=001  016189120
=003  Uk
=005  20230223161641.0
=007  aj\aanzn
=008  121012q1725\\\\|||||||||\a\\\\\0\\\eng|\
=034  0\$aa
=040  \\$aUk$beng$cUk$dUk
=042  \\$aukblsr
=082  04$a912.421$223
=100  10$aCampbell, Colen,$d1676-1729.
=245  10$aGeneral plan of Burlington House and Offices in Pickadilly.
=246  11$aPlan general de Maison de Lord Burlington &c.
=255  \\$aScale not given.
=260  \\$a[London,$c1725]
=300  \\$a1 map ;$c36 x 26 cm
=336  \\$acartographic image$2rdacontent
=337  \\$aunmediated$2rdamedia
=338  \\$asheet$2rdacarrier
=500  \\$aFrom vol. 2 of Vitruvius Britannicus, or the British Architect, published by Colen Campbell between 1715 and 1725. Further volumes using this title were congregated by Woolfe and Gandon, and published between 1767 and 1771.
=500  \\$aDate in imprint taken from London illustrated, B. Adams.
=500  \\$aBurlington House was expanded in the mid 19th century and now houses the Royal Academy, Geological Society of London, Linnean Society of London, Royal Astronomical Society, Society of Antiquaries of London and Royal Society of Chemistry.
=500  \\$aTop left corner: p. 22, vol. 3d.
=510  4\$aAdams, Bernard, London illustrated (1983),$b1604-1851,$cno. 24 (40), p. 50
=610  20$aBurlington House (London, England)$vDesigns and plans$vEarly works to 1800.
=650  \0$aPublic buildings$zEngland$zLondon$vMaps$vEarly works to 1800.
=651  \0$aLondon (England)$vMaps$vEarly works to 1800.
=655  \7$aEarly maps.$2fast$0(OCoLC)fst01752681
=700  1\$aCrace, Frederick,$d1779-1859,$eformer owner.
=700  1\$aCrace, John Gregory,$d1809-1889,$edonor.
=852  41$aBritish Library$bMAPS$jMaps Crace Port. 10.42.(2.)
=856  41$3Copy at Maps Crace Port. 10.42.(2.)$uhttp://www.bl.uk/onlinegallery/onlineex/crace/g/007000000000010u000420b0.html$yDigitised map
=985  \\$aRecord amended for WR1606-1727
=985  \\$aUpdated by MS generated file for WR2302-017
=CAT  \\$a12842$b40$c20121012$lBLL01$h1253
=CAT  \\$a12842$b40$c20121012$lBLL01$h1409
=CAT  \\$a12842$b40$c20121012$lBLL01$h1444
=CAT  \\$a12842$b40$c20121012$lBLL01$h1516
=CAT  \\$a12842$b40$c20130121$lBLL01$h1220
=CAT  \\$aWR13.117$c20130718$lBLL01$h1854
=CAT  \\$a12842$b40$c20131004$lBLL01$h1736
=CAT  \\$aW1606-1727$c20160825$lBLL01$h1743
=CAT  \\$aBATCH-UPD$b00$c20160825$lBLL01$h1745
=CAT  \\$aW2302-0174$c20230223$lBLL01$h1959
=FIN  \\$aY$d20121012
=FMT  \\$a  MP
=LAS  \\$aW2302-0174$b00$c20230223$lBLL01$h1959

