=LDR  02703cfm a2200565 a 4500
=001  016189243
=003  Uk
=005  20221204191916.0
=007  aj\canzn
=008  121012q1815\\\\|||||||||\a\\\\\0\\\eng|\
=034  1\$aa$dW0015109$eW0015126$fN0513040$gN0513016$2bound
=040  \\$aUk$beng$cUk$dUk
=042  \\$aukblsr
=082  04$a912.42132$223
=245  03$a[A plan of the sewer from Bruton Street to Piccadilly with alterations].
=255  \\$aScale not given$c(W 1°51'09"--W 1°51'26"/N 51°30'40"--N 51°30'16").
=260  \\$c[ca. 1815]
=300  \\$a1 map :$bhand col. ;$c41 x 61 cm
=336  \\$acartographic image$2rdacontent
=337  \\$aunmediated$2rdamedia
=338  \\$asheet$2rdacarrier
=500  \\$aPen and ink with wash on tracing paper.
=500  \\$aA 19th century copy of a plan from the Commissioners of Sewers' Survey dated August 1782.
=500  \\$aTitle taken from pen annotation above plan.
=500  \\$aShows the course of King's Scholar's Pond Sewer and Resevoir to Chelsea Water Works.
=510  4\$aCrace, John Gregory, A catalogue of maps, plans and views of London, Westminster and Southwark collected and arranged by Frederick Crace (1878),$cno. 44, p. 69
=520  \\$aThis tracing of the King Scholar's sewer in Mayfair is based on a survey carried out by the Commissioners of Sewers. The plan features a scale bar down the right side of the sheet, with boundaries of private properties outlined in red. Open spaces are depicted in green and watercourses in blue.
=650  \0$aSewerage$zEngland$zLondon$xHistory$vMaps.
=651  \0$aWestminster (London, England)$vMaps.
=651  \0$aMayfair (London, England)$vMaps.
=651  \0$aLondon (England)$vMaps.
=655  \7$aMaps.$2lgft
=700  1\$aCrace, Frederick,$d1779-1859,$eformer owner.
=700  1\$aCrace, John Gregory,$d1809-1889,$edonor.
=852  41$aBritish Library$bMAPS$jMaps Crace Port. 10.44
=856  41$3Copy at Maps Crace Port. 10.44$uhttp://www.bl.uk/onlinegallery/onlineex/crace/other/007000000000010u00044000.html$yDigitised map
=985  \\$aUpgraded from BL georeferencer data 2022-11-17.
=985  \\$aRecord amended for WR1606-1727
=CAT  \\$a12842$b40$c20121012$lBLL01$h1621
=CAT  \\$a12842$b40$c20121012$lBLL01$h1623
=CAT  \\$a12842$b40$c20121012$lBLL01$h1627
=CAT  \\$a12842$b40$c20130228$lBLL01$h1402
=CAT  \\$aWR13.117$c20130718$lBLL01$h1854
=CAT  \\$a12842$b40$c20131004$lBLL01$h1740
=CAT  \\$aW1606-1727$c20160825$lBLL01$h1742
=CAT  \\$a14185$b40$c20221201$lBLL01$h1753
=CAT  \\$a14185$b40$c20221204$lBLL01$h1919
=FIN  \\$aY$d20121012
=FMT  \\$a  MP
=LAS  \\$a14185$b40$c20221204$lBLL01$h1919

