=LDR  02788cfm a2200553 a 4500
=001  016194388
=003  Uk
=005  20230223161644.0
=007  aj\aanzn
=008  121022q1815\\\\|||||||||\a\\\\\0\\\eng|\
=034  1\$aa$dW0015120$eW0015130$fN0513041$gN0513030$2bound
=040  \\$aUk$beng$cUk$dUk
=042  \\$aukblsr
=082  04$a912.42132$223
=245  00$aPlan of part of Conduit Mead let to the Marquis of Normanby.
=255  \\$aScale not given$c(W 1°51'20"--W 1°51'30"/N 51°30'41"--N 51°30'30").
=260  \\$c[ca. 1815]
=300  \\$a1 map :$bhand col. ;$c45 x 30 cm
=336  \\$acartographic image$2rdacontent
=337  \\$aunmediated$2rdamedia
=338  \\$asheet$2rdacarrier
=500  \\$aPen and inkwith wash on tracing paper with additions in pencil in later hand.
=500  \\$aA 19th century copy of original plan from ca. 1720 showing property belonging to City of London immediately west of Bond Street from Hay Hill to Brutton Street.
=500  \\$aLeasehold boundaries outlined in black; individual plots lettered for reference. Course of Aye Brook coloured blue.
=510  4\$aCrace, John Gregory, A catalogue of maps, plans and views of London, Westminster and Southwark collected and arranged by Frederick Crace (1878),$cno. 46, p. 69
=520  \\$aThis is a 19th-Century copy of a survey of the area in Mayfair let to the Marquis of Normandy in 1800 by the Corporation of London. The plan features title and scale bar at lower right, with the boundaries of the leasehold outlined in black and individual plots lettered for reference.
=650  \0$aReal property$zEngland$zLondon$vMaps.
=651  \0$aWestminster (London, England)$vMaps.
=651  \0$aMayfair (London, England)$vMaps.
=651  \0$aLondon (England)$vMaps.
=655  \7$aMaps.$2fast$0(OCoLC)fst01423704
=700  1\$aCrace, Frederick,$d1779-1859,$eformer owner.
=700  1\$aCrace, John Gregory,$d1809-1889,$edonor.
=852  41$aBritish Library$bMAPS$jMaps Crace Port. 10.46
=856  41$3Copy at Maps Crace Port. 10.46$uhttp://www.bl.uk/onlinegallery/onlineex/crace/p/007000000000010u00046000.html$yDigitised map
=985  \\$aUpgraded from BL georeferencer data 2022-11-17.
=985  \\$aRecord amended for WR1606-1727
=985  \\$aUpdated by MS generated file for WR2302-017
=CAT  \\$a12842$b40$c20121022$lBLL01$h1531
=CAT  \\$a12842$b40$c20121022$lBLL01$h1534
=CAT  \\$aWR13.117$c20130718$lBLL01$h1854
=CAT  \\$a12842$b40$c20131004$lBLL01$h1745
=CAT  \\$aW1606-1727$c20160825$lBLL01$h1742
=CAT  \\$a14185$b40$c20221201$lBLL01$h1753
=CAT  \\$a14185$b40$c20221204$lBLL01$h1919
=CAT  \\$aW2302-0174$c20230223$lBLL01$h1959
=FIN  \\$aY$d20121022
=FMT  \\$a  MP
=LAS  \\$aW2302-0174$b00$c20230223$lBLL01$h1959

