=LDR  02545cfm a2200541 a 4500
=001  016194410
=003  Uk
=005  20230223161644.0
=007  aj\aanzn
=008  121022q1815\\\\|||||||||\a\\\\\0\\\eng|\
=034  1\$aa$dW0015058$eW0015133$fN0513059$gN0513026$2bound
=040  \\$aUk$beng$cUk$dUk
=042  \\$aukblsr
=082  04$a912.42132$223
=245  04$aThe Conduit Mead. The property belonging to the City of London surveyed 1794.
=255  \\$aScale not given$c(W 1°50'58"--W 1°51'33"/N 51°30'59"--N 51°30'26").
=260  \\$c[ca. 1815]
=300  \\$a1 map ;$c44 x 34 cm
=336  \\$acartographic image$2rdacontent
=337  \\$aunmediated$2rdamedia
=338  \\$asheet$2rdacarrier
=500  \\$aPencil and ink on tracing paper.
=500  \\$aA 19th century copy of an original survey of 1794 showing property belonging to City of London in Mayfair including New Bond Street, Conduit Street, South Molton Street and Stratford Place.
=510  4\$aCrace, John Gregory, A catalogue of maps, plans and views of London, Westminster and Southwark collected and arranged by Frederick Crace (1878),$cno. 47, p. 69
=520  \\$aThis is a 19th-Century tracing of a 1794 survey of properties belonging to the Corporation of London in New Bond Street, Conduit Street, South Molton Street and Stratford Place, Mayfair.
=650  \0$aReal property$zEngland$zLondon$vMaps.
=651  \0$aWestminster (London, England)$vMaps.
=651  \0$aMayfair (London, England)$vMaps.
=651  \0$aLondon (England)$vMaps.
=655  \7$aMaps.$2fast$0(OCoLC)fst01423704
=700  1\$aCrace, Frederick,$d1779-1859,$eformer owner.
=700  1\$aCrace, John Gregory,$d1809-1889,$edonor.
=852  41$aBritish Library$bMAPS$jMaps Crace Port. 10.47
=856  41$3Copy at Maps Crace Port. 10.47$uhttp://www.bl.uk/onlinegallery/onlineex/crace/t/007000000000010u00047000.html$yDigitised map
=985  \\$aUpgraded from BL georeferencer data 2022-11-17.
=985  \\$aRecord amended for WR1606-1727
=985  \\$aUpdated by MS generated file for WR2302-017
=CAT  \\$a12842$b40$c20121022$lBLL01$h1556
=CAT  \\$a12842$b40$c20130131$lBLL01$h1233
=CAT  \\$aWR13.117$c20130718$lBLL01$h1854
=CAT  \\$a12842$b40$c20131004$lBLL01$h1746
=CAT  \\$aW1606-1727$c20160825$lBLL01$h1742
=CAT  \\$a14185$b40$c20221201$lBLL01$h1754
=CAT  \\$a14185$b40$c20221204$lBLL01$h1920
=CAT  \\$aW2302-0174$c20230223$lBLL01$h1959
=FIN  \\$aY$d20121022
=FMT  \\$a  MP
=LAS  \\$aW2302-0174$b00$c20230223$lBLL01$h1959

