=LDR  02506 em a2200541 a 4500
=001  016194443
=003  Uk
=005  20131004174916.0
=007  aj\aanzn
=008  121022q1778\\\\enk||||||\a\\\\\0\\\eng|\
=034  0\$aa
=040  \\$aUk$beng$cUk$dUk
=042  \\$aukblsr
=082  04$a912.42132$223
=100  1\$aRoberts, John,$dactive 1771-1796,$eengraver.
=245  10$aPlan of the parlor story of the lodge /$cRt. Adam architect, 1768 ; John Robert.
=246  11$aPlan du rez-de-chaussée de la Loge
=255  \\$aScale not given.
=260  \\$a[London],$c1778.
=300  \\$a1 map ;$c29 x 42 cm
=336  \\$acartographic image$2rdacontent
=337  \\$aunmediated$2rdamedia
=338  \\$asheet$2rdacarrier
=500  \\$aSupplies ground plan of the Ranger's House; title and space usage given in English and French; dimensions reported.
=500  \\$aDeputy Ranger's lodge in Green Park, designed in 1768 by Scottish neoclassical architect Robert Adam, was demolished in the 19th century.
=510  4\$aCrace, John Gregory, A catalogue of maps, plans and views of London, Westminster and Southwark collected and arranged by Frederick Crace (1878),$cno. 48, p. 70
=510  4\$aWorms, Laurence, Baynton-Williams, Ashley. British map engravers: a dictionary of engravers, lithographers and their principal employers,$bto 1850,$cpp. 554-555
=650  \0$aPublic buildings$zEngland$zLondon$vMaps$vEarly works to 1800.
=650  \0$aArchitecture$zEngland$zLondon$vDesigns and plans$vEarly works to 1800.
=651  \0$aLondon (England)$vMaps$vEarly works to 1800.
=700  1\$aAdam, Robert,$d1728-1792,$earchitect.
=700  1\$aCrace, Frederick,$d1779-1859,$eformer owner.
=700  1\$aCrace, John Gregory,$d1809-1889,$edonor.
=852  41$aBritish Library$bMAPS$jMaps Crace Port. 10.48
=856  41$3Copy at Maps Crace Port. 10.48$uhttp://www.bl.uk/onlinegallery/onlineex/crace/p/007000000000010u00048000.html$yDigitised map
=985  \\$a100=NEW
=985  \\$aRecord amended for WR# 13/070
=985  \\$aRecord amended for WR1606-1727
=CAT  \\$a12842$b40$c20121022$lBLL01$h1729
=CAT  \\$a12842$b40$c20121023$lBLL01$h1231
=CAT  \\$aWR13_070$b00$c20130504$lBLL01$h0340
=CAT  \\$aWR13_070C$c20130611$lBLL01$h1859
=CAT  \\$aWR13.117$c20130718$lBLL01$h1854
=CAT  \\$a12842$b40$c20131004$lBLL01$h1749
=CAT  \\$aW1606-1727$c20160825$lBLL01$h1742
=FIN  \\$aY$d20121022
=FMT  \\$a  MP
=LAS  \\$aW1606-1727$b00$c20160825$lBLL01$h1742

