=LDR  02869cfm a2200577 a 4500
=001  016194903
=003  Uk
=005  20230223161645.0
=007  aj\canzn
=008  121023q1832\\\\|||||||||\a\\\\\0\\\eng|\
=034  1\$aa$dW0015134$eW0015140$fN0513011$gN0513008$2bound
=040  \\$aUk$beng$cUk$dUk
=042  \\$aukblsr
=082  04$a912.42132$223
=100  1\$aChawner, Thomas,$d1774-1851.
=245  10$a[Plan of the Ranger's House and grounds adjoining, with the improvements proposed in the Park].
=255  \\$aScale not given$c(W 1°51'34"--W 1°51'40"/N 51°30'11"--N 51°30'08").
=260  \\$c[1832]
=300  \\$a1 map :$bhand col. ;$c26 x 56 cm
=336  \\$acartographic image$2rdacontent
=337  \\$aunmediated$2rdamedia
=338  \\$asheet$2rdacarrier
=500  \\$aPen and ink with wash on paper with additions in pencil.
=500  \\$aTitle, date and surveyor's name taken from A catalogue of maps, plans and views of London, Westminster and Southwark collected and arranged by Frederick Crace, 1878.
=500  \\$aDimensions given; buildings and green spaces coloured.
=500  \\$aDeputy Ranger's lodge in Green Park, designed in 1768 by Scottish neoclassical architect Robert Adam, was demolished in the 19th century.
=510  4\$aCrace, John Gregory, A catalogue of maps, plans and views of London, Westminster and Southwark collected and arranged by Frederick Crace (1878),$cno. 49, p. 70
=510  4\$aFrench, Josephine. Tooley's dictionary of mapmakers A-D (1999),$cp. 260
=520  \\$aThis drawn plan shows the proposed improvements to the Park Ranger's House. Buildings indicated in pink, parkland in green, footpaths in yellow and watercourses in blue.
=650  \0$aParks$zEngland$zLondon$vMaps.
=650  \0$aArchitectural drawing$zEngland$zLondon$vMaps.
=651  \0$aLondon (England)$vMaps.
=655  \7$aMaps.$2fast$0(OCoLC)fst01423704
=700  1\$aCrace, Frederick,$d1779-1859,$eformer owner.
=700  1\$aCrace, John Gregory,$d1809-1889,$edonor.
=852  41$aBritish Library$bMAPS$jMaps Crace Port. 10.49
=856  41$3Copy at Maps Crace Port. 10.49$uhttp://www.bl.uk/onlinegallery/onlineex/crace/other/007000000000010u00049000.html$yDigitised map
=985  \\$aUpgraded from BL georeferencer data 2022-11-17.
=985  \\$aRecord amended for WR1606-1727
=985  \\$aUpdated by MS generated file for WR2302-017
=CAT  \\$a12842$b40$c20121023$lBLL01$h1327
=CAT  \\$a12842$b40$c20130131$lBLL01$h1220
=CAT  \\$aWR13.117$c20130718$lBLL01$h1854
=CAT  \\$a12842$b40$c20131004$lBLL01$h1751
=CAT  \\$aW1606-1727$c20160825$lBLL01$h1742
=CAT  \\$a14185$b40$c20221201$lBLL01$h1754
=CAT  \\$a14185$b40$c20221204$lBLL01$h1921
=CAT  \\$aW2302-0174$c20230223$lBLL01$h1959
=FIN  \\$aY$d20121023
=FMT  \\$a  MP
=LAS  \\$aW2302-0174$b00$c20230223$lBLL01$h1959

