=LDR  02689cfm a2200565 a 4500
=001  016195059
=003  Uk
=005  20230223161645.0
=007  aj\aanzn
=008  121023q1805\\\\|||||||||\a\\\\\0\\\eng|\
=034  0\$aa
=040  \\$aUk$beng$cUk$dUk
=042  \\$aukblsr
=082  04$a912.42132$223
=100  1\$aFordyce, John,$csurveyor general of land revenue,$dactive 1794-1808.
=245  10$a[Plan of the buildings in Hamilton Place, Piccadilly and Park Lande, belonging to the Crown].
=255  \\$aScale not given.
=260  \\$c[1805]
=300  \\$a1 map ;$c44 x 30 cm
=336  \\$acartographic image$2rdacontent
=337  \\$aunmediated$2rdamedia
=338  \\$asheet$2rdacarrier
=500  \\$aPen, ink and pencil on paper.
=500  \\$aTitle, date and surveyor's name taken from A catalogue of maps, plans and views of London, Westminster and Southwark collected and arranged by Frederick Crace, 1878.
=500  \\$aLater engraved by James Basire and published in the Fourth report of the Surveyor General of His Majesty's Land Revenue of 1809.
=500  \\$aJohn Fordyce directed a survey of Crown leases within the cities of London, Westminster and the Borough of Southwark, including improvements in Hamilton Place and Piccadilly between 1805-1812.
=510  4\$aCrace, John Gregory, A catalogue of maps, plans and views of London, Westminster and Southwark collected and arranged by Frederick Crace (1878),$cno. 52, p. 70
=510  4\$aFrench, Josephine. Tooley's dictionary of mapmakers E-J (2001),$cp. 87
=651  \0$aPiccadilly (London, England)$vMaps.
=651  \0$aWestminster (London, England)$vMaps.
=651  \0$aLondon (England)$vMaps.
=655  \7$aMaps.$2fast$0(OCoLC)fst01423704
=700  1\$aCrace, Frederick,$d1779-1859,$eformer owner.
=700  1\$aCrace, John Gregory,$d1809-1889,$edonor.
=852  41$aBritish Library$bMAPS$jMaps Crace Port. 10.52
=856  41$3Copy at Maps Crace Port. 10.52$uhttp://www.bl.uk/onlinegallery/onlineex/crace/other/007000000000010u00052000.html$yDigitised map
=985  \\$aRecord amended for WR# 13/070
=985  \\$aRecord amended for WR1606-1727
=985  \\$aUpdated by MS generated file for WR2302-017
=CAT  \\$a12842$b40$c20121023$lBLL01$h1647
=CAT  \\$a12842$b40$c20121023$lBLL01$h1707
=CAT  \\$a12842$b40$c20121023$lBLL01$h1730
=CAT  \\$aWR13_070$b00$c20130504$lBLL01$h0340
=CAT  \\$aWR13.117$c20130718$lBLL01$h1854
=CAT  \\$a12842$b40$c20131007$lBLL01$h0943
=CAT  \\$aW1606-1727$c20160825$lBLL01$h1742
=CAT  \\$aW2302-0174$c20230223$lBLL01$h1959
=FIN  \\$aY$d20121023
=FMT  \\$a  MP
=LAS  \\$aW2302-0174$b00$c20230223$lBLL01$h1959

