=LDR  03524cem a2200625 a 4500
=001  016196493
=003  Uk
=005  20230223161645.0
=007  aj\aanzn
=008  121023s1809\\\\enk||||||\a\\\\\0\\\eng|\
=034  1\$aa$dW0015054$eW0015104$fN0513019$gN0513011$2bound
=040  \\$aUk$beng$cUk$dUk
=042  \\$aukblsr
=082  04$a912.42132$223
=100  1\$aFordyce, John,$csurveyor general of land revenue,$dactive 1794-1808.
=245  10$aPlan of improvement on the Crown's Estate in Hamilton Place and Piccadilly /$cmade under the direction of John Fordyce Esqr. Surveyor General. 1805 ; J. Basire sculp.
=255  \\$aScale not given$c(W 1°50'54"--W 1°51'04"/N 51°30'19"--N 51°30'11").
=260  \\$a[London] :$bLuke Hansard & Sons, Printers,$c1809.
=300  \\$a1 map ;$c48 x 36 cm
=336  \\$acartographic image$2rdacontent
=337  \\$aunmediated$2rdamedia
=338  \\$asheet$2rdacarrier
=500  \\$aPublished in the Fourth report of the Surveyor General of His Majesty's Land Revenue.
=500  \\$aProperties lettered for reference with an explanatory note below title.
=500  \\$aJohn Fordyce directed a survey of Crown leases within the cities of London, Westminster and the Borough of Southwark, including improvements in Hamilton Place and Piccadilly between 1805-1812.
=500  \\$aTop left corner: Plate I, to face p.21; at bottom margin below plate: 169, Ordered by the House of Commons, to be printed 28th April 1809.
=510  4\$aCrace, John Gregory, A catalogue of maps, plans and views of London, Westminster and Southwark collected and arranged by Frederick Crace (1878),$cno. 53, p. 70
=510  4\$aFrench, Josephine. Tooley's dictionary of mapmakers E-J (2001),$cp. 87 ; p. 263
=510  4\$aWorms, Laurence, Baynton-Williams, Ashley. British map engravers: a dictionary of engravers, lithographers and their principal employers,$bto 1850,$cpp. 55-56
=520  \\$aThe title of this plan appears at top right, with the publishers imprint and explanatory note. Houses to be built are indicated by the letter 'A'. Commissioned by the House of Commons, the plan appeared in the report of the Surveyor General of His Majesty's Land Revenue of 1805.
=651  \0$aPiccadilly (London, England)$vMaps.
=651  \0$aWestminster (London, England)$vMaps.
=651  \0$aLondon (England)$vMaps.
=655  \7$aMaps.$2fast$0(OCoLC)fst01423704
=700  1\$aBasire, James,$d1769-1822,$eengraver.
=700  1\$aCrace, Frederick,$d1779-1859,$eformer owner.
=700  1\$aCrace, John Gregory,$d1809-1889,$edonor.
=710  2\$aLuke Hansard and Sons,$epublisher.
=852  41$aBritish Library$bMAPS$jMaps Crace Port. 10.53
=856  41$3Copy at Maps Crace Port. 10.53$uhttp://www.bl.uk/onlinegallery/onlineex/crace/p/007000000000010u00053000.html$yDigitised map
=985  \\$aUpgraded from BL georeferencer data 2022-11-17.
=985  \\$aRecord amended for WR# 13/070
=985  \\$aRecord amended for WR1606-1727
=985  \\$aUpdated by MS generated file for WR2302-017
=CAT  \\$a12842$b40$c20121023$lBLL01$h1728
=CAT  \\$aWR13_070$b00$c20130504$lBLL01$h0340
=CAT  \\$aWR13.117$c20130718$lBLL01$h1854
=CAT  \\$a12842$b40$c20131007$lBLL01$h1008
=CAT  \\$aW1606-1727$c20160825$lBLL01$h1742
=CAT  \\$a14185$b40$c20221201$lBLL01$h1547
=CAT  \\$a14185$b40$c20221202$lBLL01$h1410
=CAT  \\$aW2302-0174$c20230223$lBLL01$h1959
=FIN  \\$aY$d20121023
=FMT  \\$a  MP
=LAS  \\$aW2302-0174$b00$c20230223$lBLL01$h1959

