=LDR  03035cfm a2200601 a 4500
=001  016196625
=003  Uk
=005  20230223161645.0
=007  aj\canzn
=008  121024s1809\\\\|||||||||\a\\\\\0\\\eng|\
=034  1\$aa$dW0015055$eW0015102$fN0513018$gN0513011$2bound
=040  \\$aUk$beng$cUk$dUk
=042  \\$aukblsr
=082  04$a912.42132$223
=100  1\$aChawner, Thomas,$d1774-1851.
=245  10$a[Plan of the houses, stables and gardens in Hamilton Place, belonging to the Crown] /$csurvey by T. Chawner.
=255  \\$aScale not given$c(W 1°50'55"--W 1°51'02"/N 51°30'18"--N 51°30'11").
=260  \\$cFebry 13th, 1809.
=300  \\$a1 map :$bhand col. ;$c36 x 25 cm
=336  \\$acartographic image$2rdacontent
=337  \\$aunmediated$2rdamedia
=338  \\$asheet$2rdacarrier
=500  \\$aPen and ink with wash on paper with additions in pencil.
=500  \\$aTitle taken from A catalogue of maps, plans and views of London, Westminster and Southwark collected and arranged by Frederick Crace, 1878.
=500  \\$aExplanatory note left centre; names of leaseholders and dimensions given.
=510  4\$aCrace, John Gregory, A catalogue of maps, plans and views of London, Westminster and Southwark collected and arranged by Frederick Crace (1878),$cno. 54, p. 70
=510  4\$aFrench, Josephine. Tooley's dictionary of mapmakers A-D (1999),$cp. 260
=520  \\$aThis plan shows the renovations on the Crown's estate in Hamilton Place, Piccadilly. The plan features an explanatory note at lower left and scale bar at bottom centre. Properties in the estate appear in pink, with the stables in Hamilton Mews in pale pink. Open spaces are in green and roads in yellow.
=650  \0$aReal property$zEngland$zLondon$vMaps.
=650  \0$aArchitectural drawing$zEngland$zLondon$vMaps.
=651  \0$aWestminster (London, England)$vMaps.
=651  \0$aMayfair (London, England)$vMaps.
=651  \0$aLondon (England)$vMaps.
=655  \7$aMaps.$2fast$0(OCoLC)fst01423704
=700  1\$aCrace, Frederick,$d1779-1859,$eformer owner.
=700  1\$aCrace, John Gregory,$d1809-1889,$edonor.
=852  41$aBritish Library$bMAPS$jMaps Crace Port. 10.54.(1.)
=856  41$3Copy at Maps Crace Port. 10.54.(1.)$uhttp://www.bl.uk/onlinegallery/onlineex/crace/other/007000000000010u000540a0.html$yDigitised map
=985  \\$aUpgraded from BL georeferencer data 2022-11-17.
=985  \\$aRecord amended for WR1606-1727
=985  \\$aUpdated by MS generated file for WR2302-017
=CAT  \\$a12842$b40$c20121024$lBLL01$h1100
=CAT  \\$a12842$b40$c20121024$lBLL01$h1308
=CAT  \\$a12842$b40$c20130131$lBLL01$h1221
=CAT  \\$aWR13.117$c20130718$lBLL01$h1854
=CAT  \\$a12842$b40$c20131007$lBLL01$h1010
=CAT  \\$aW1606-1727$c20160825$lBLL01$h1742
=CAT  \\$a14185$b40$c20221201$lBLL01$h1754
=CAT  \\$a14185$b40$c20221204$lBLL01$h1922
=CAT  \\$aW2302-0174$c20230223$lBLL01$h1959
=FIN  \\$aY$d20121024
=FMT  \\$a  MP
=LAS  \\$aW2302-0174$b00$c20230223$lBLL01$h1959

