=LDR  02930cfm a2200589 a 4500
=001  016196765
=003  Uk
=005  20230223161645.0
=007  aj\canzn
=008  121024q1809\\\\|||||||||\a\\\\\0\\\eng|\
=034  1\$aa$dW0015055$eW0015103$fN0513017$gN0513012$2bound
=040  \\$aUk$beng$cUk$dUk
=042  \\$aukblsr
=082  04$a912.42132$223
=100  1\$aChawner, Thomas,$d1774-1851.
=245  10$a[Plan of the houses, stables and gardens in Hamilton Place, belonging to the Crown] /$csurvey by Thomas Chawner.
=255  \\$aScale not given$c(W 1°50'55"--W 1°51'03"/N 51°30'17"--N 51°30'12").
=260  \\$c[1809]
=300  \\$a1 map :$bhand col. ;$c36 x 24 cm
=336  \\$acartographic image$2rdacontent
=337  \\$aunmediated$2rdamedia
=338  \\$asheet$2rdacarrier
=500  \\$aPen and ink with wash on paper with additions in pencil.
=500  \\$aTitle taken from A catalogue of maps, plans and views of London, Westminster and Southwark collected and arranged by Frederick Crace, 1878.
=500  \\$aShows improvements on the Crown Estate in Hamilton Place; some dimensions given.
=510  4\$aCrace, John Gregory, A catalogue of maps, plans and views of London, Westminster and Southwark collected and arranged by Frederick Crace (1878),$cno. 54, p. 70
=510  4\$aFrench, Josephine. Tooley's dictionary of mapmakers A-D (1999),$cp. 260
=520  \\$aThis plan shows the renovations on the Crown Estate in Hamilton Place, Piccadilly. The plan features a scale bar at the bottom centre. The ground plans of the stables in Hamilton Mews and various basement accommodations are indicated in pale blue.
=650  \0$aArchitectural drawing$zEngland$zLondon$vMaps.
=650  \0$aReal property$zEngland$zLondon$vMaps.
=651  \0$aWestminster (London, England)$vMaps.
=651  \0$aMayfair (London, England)$vMaps.
=651  \0$aLondon (England)$vMaps.
=655  \7$aMaps.$2fast$0(OCoLC)fst01423704
=700  1\$aCrace, Frederick,$d1779-1859,$eformer owner.
=700  1\$aCrace, John Gregory,$d1809-1889,$edonor.
=852  41$aBritish Library$bMAPS$jMaps Crace Port. 10.54.(2.)
=856  41$3Copy at Maps Crace Port. 10.54.(2.)$uhttp://www.bl.uk/onlinegallery/onlineex/crace/other/007000000000010u000540b0.html$yDigitised map
=985  \\$aUpgraded from BL georeferencer data 2022-11-17.
=985  \\$aRecord amended for WR1606-1727
=985  \\$aUpdated by MS generated file for WR2302-017
=CAT  \\$a12842$b40$c20121024$lBLL01$h1209
=CAT  \\$a12842$b40$c20130116$lBLL01$h1135
=CAT  \\$aWR13.117$c20130718$lBLL01$h1854
=CAT  \\$a12842$b40$c20131007$lBLL01$h1015
=CAT  \\$aW1606-1727$c20160825$lBLL01$h1742
=CAT  \\$a14185$b40$c20221201$lBLL01$h1755
=CAT  \\$a14185$b40$c20221204$lBLL01$h1922
=CAT  \\$aW2302-0174$c20230223$lBLL01$h1959
=FIN  \\$aY$d20121024
=FMT  \\$a  MP
=LAS  \\$aW2302-0174$b00$c20230223$lBLL01$h1959

