=LDR  03180cem a2200625 a 4500
=001  016196867
=003  Uk
=005  20230223161645.0
=007  aj\aanzn
=008  121024s1831\\\\enk||||||\a\\\\\0\\\eng|\
=034  0\$aa
=040  \\$aUk$beng$cUk$dUk
=042  \\$aukblsr
=082  04$a912.42132$223
=100  1\$aBasire, James,$d1796-1869,$eengraver.
=245  10$a[Plan of Apsley House and ground, Hyde Park Corner :$bshowing the addition granted to the Duke of Wellington by the Crown] /$cJames Basire sculp.
=255  \\$aScale not given.
=260  \\$a[London] :$bJames & Luke G. Hansard & Sons, Printers,$c1831.
=300  \\$a1 map ;$c40 x 25 cm
=336  \\$acartographic image$2rdacontent
=337  \\$aunmediated$2rdamedia
=338  \\$asheet$2rdacarrier
=500  \\$aPublished in the Eighth report of Commissioners of Woods, Forests and Land Revenue, as an Appendix no. 4 (A).
=500  \\$aSupplies ground plan and ground of Apsley House.
=500  \\$aApsley House was built by Robert Adam between 1771 and 1778. From 1819 Benjamin Dean Wyatt carried out renovation including a three-storey extension to the north east. In 1828 the Waterloo Gallery was added on the west side of the house.
=500  \\$aBottom margin below plate: 179, Ordered by the House of Commons, to be printed 19th Augt. 1831.
=510  4\$aCrace, John Gregory, A catalogue of maps, plans and views of London, Westminster and Southwark collected and arranged by Frederick Crace (1878),$cno. 56, p. 71
=510  4\$aWorms, Laurence, Baynton-Williams, Ashley. British map engravers: a dictionary of engravers, lithographers and their principal employers,$bto 1850,$cpp. 56-57
=510  4\$aFrench, Josephine. Tooley's dictionary of mapmakers E-J (2001),$cp. 263
=610  20$aApsley House (Museum)$xHistory$vDesigns and plans.
=650  \0$aArchitecture$zEngland$zLondon$vDesigns and plans.
=651  \0$aWestminster (London, England)$vMaps.
=651  \0$aLondon (England)$vMaps.
=655  \7$aMaps.$2fast$0(OCoLC)fst01423704
=700  1\$aCrace, Frederick,$d1779-1859,$eformer owner.
=700  1\$aCrace, John Gregory,$d1809-1889,$edonor.
=700  1\$aAdam, Robert,$d1728-1792,$earchitect.
=700  1\$aWyatt, Benjamin Dean,$d1775-1855,$earchitect.
=710  2\$aJames & Luke G. Hansard & Sons, Printers.
=852  41$aBritish Library$bMAPS$jMaps Crace Port. 10.56.(2.)
=856  41$3Copy at Maps Crace Port. 10.56.(2.)$uhttp://www.bl.uk/onlinegallery/onlineex/crace/other/007000000000010u000560b0.html$yDigitised map
=985  \\$aRecord amended for WR1606-1727
=985  \\$aUpdated by MS generated file for WR2302-017
=CAT  \\$a12842$b40$c20121024$lBLL01$h1343
=CAT  \\$a12842$b40$c20121024$lBLL01$h1507
=CAT  \\$a12842$b40$c20121024$lBLL01$h1559
=CAT  \\$a12842$b40$c20130104$lBLL01$h1450
=CAT  \\$a12842$b40$c20130228$lBLL01$h1401
=CAT  \\$aWR13.117$c20130718$lBLL01$h1854
=CAT  \\$a12842$b40$c20131007$lBLL01$h1023
=CAT  \\$aW1606-1727$c20160825$lBLL01$h1742
=CAT  \\$aW2302-0174$c20230223$lBLL01$h1959
=FIN  \\$aY$d20121024
=FMT  \\$a  MP
=LAS  \\$aW2302-0174$b00$c20230223$lBLL01$h1959

