=LDR  02134cem a2200505 a 4500
=001  016197171
=003  Uk
=005  20230223161646.0
=007  aj\aanzn
=008  121024q1800\\\\xx\||||||\a\\\\\0\\\eng|\
=034  0\$aa
=040  \\$aUk$beng$cUk$dUk
=042  \\$aukblsr
=082  04$a912.42132$223
=100  1\$aGandon, James,$d1742-1823.
=245  10$aPlan of the principal floor of Shelburn House, Berkeley Square /$cR. Adam archt. ; J. Gandon delt. ; J. White sculp.
=246  11$aL'Etage principal de la Maison de Monsr. mi Lord Shelburne dans Berkeley Square
=255  \\$aScale not given.
=260  \\$c[ca. 1800]
=300  \\$a1 map ;$c40 x 27 cm
=336  \\$acartographic image$2rdacontent
=337  \\$aunmediated$2rdamedia
=338  \\$asheet$2rdacarrier
=500  \\$aSupplies ground plan of the Shelburne House with a key and dimensions reported at the upper left.
=510  4\$aCrace, John Gregory, A catalogue of maps, plans and views of London, Westminster and Southwark collected and arranged by Frederick Crace (1878),$cno. 58, p. 71
=546  \\$aTitle given in English and French.
=650  \0$aArchitecture$zEngland$zLondon$vDesigns and plans.
=651  \0$aWestminster (London, England)$vMaps.
=651  \0$aLondon (England)$vMaps.
=655  \7$aMaps.$2fast$0(OCoLC)fst01423704
=700  1\$aCrace, Frederick,$d1779-1859,$eformer owner.
=700  1\$aCrace, John Gregory,$d1809-1889,$edonor.
=700  1\$aAdam, Robert,$d1728-1792,$earchitect.
=852  41$aBritish Library$bMAPS$jMaps Crace Port. 10.58
=856  41$3Copy at Maps Crace Port. 10.58$uhttp://www.bl.uk/onlinegallery/onlineex/crace/p/007000000000010u00058000.html$yDigitised map
=985  \\$aRecord amended for WR1606-1727
=985  \\$aUpdated by MS generated file for WR2302-017
=CAT  \\$a12842$b40$c20121024$lBLL01$h1650
=CAT  \\$aWR13.117$c20130718$lBLL01$h1854
=CAT  \\$a12842$b40$c20131007$lBLL01$h1029
=CAT  \\$aW1606-1727$c20160825$lBLL01$h1742
=CAT  \\$aW2302-0174$c20230223$lBLL01$h1959
=FIN  \\$aY$d20121024
=FMT  \\$a  MP
=LAS  \\$aW2302-0174$b00$c20230223$lBLL01$h1959

