=LDR  02762cfm a2200565 a 4500
=001  016197321
=003  Uk
=005  20230223161646.0
=007  aj\canzn
=008  121025q1800\\\\xx\||||||\a\\\\\0\\\eng|\
=034  0\$aa
=040  \\$aUk$beng$cUk$dUk
=042  \\$aukblsr
=082  04$a912.42132$223
=100  1\$aChawner, Thomas,$d1774-1851.
=245  10$a[Plan of the water-works and the Duke of Gloucester's riding house].
=255  \\$aScale not given.
=260  \\$c[ca. 1800]
=300  \\$a1 map :$bhand col. ;$c36 x 46 cm
=336  \\$acartographic image$2rdacontent
=337  \\$aunmediated$2rdamedia
=338  \\$asheet$2rdacarrier
=500  \\$aPen and ink with wash on paper with additions in pencil.
=500  \\$aTitle and surveyor's name taken from A catalogue of maps, plans and views of London, Westminster and Southwark collected and arranged by Frederick Crace, 1878.
=500  \\$aA 19th century copy of a plan probably produced by Crace, signed at bottom right corner: Copy J. C.
=500  \\$aShows part of the Chelsea Waterworks Company's reservoir and engine house, and the Duke of Gloucester's riding house in Hyde Park; dimensions given.
=500  \\$aThe Duke of Gloucester's riding house in Hyde Park close to Grosvenor Gate erected in 1768, was virtually identical with Sir William Chambers's riding house for George III at Buckingham Palace of 1763-8.
=510  4\$aCrace, John Gregory, A catalogue of maps, plans and views of London, Westminster and Southwark collected and arranged by Frederick Crace (1878),$cno. 59, p. 71
=510  4\$aFrench, Josephine. Tooley's dictionary of mapmakers A-D (1999),$cp. 260
=650  \0$aSewerage$zEngland$zLondon$vMaps.
=651  \0$aWestminster (London, England)$vMaps.
=651  \0$aHyde Park (London, England)$vMaps.
=651  \0$aLondon (England)$vMaps.
=655  \7$aMaps.$2fast$0(OCoLC)fst01423704
=700  1\$aCrace, Frederick,$d1779-1859,$eformer owner.
=700  1\$aCrace, John Gregory,$d1809-1889,$edonor.
=852  41$aBritish Library$bMAPS$jMaps Crace Port. 10.59
=856  41$3Copy at Maps Crace Port. 10.59$uhttp://www.bl.uk/onlinegallery/onlineex/crace/other/007000000000010u00059000.html$yDigitised map
=985  \\$aRecord amended for WR1606-1727
=985  \\$aUpdated by MS generated file for WR2302-017
=CAT  \\$a12842$b40$c20121025$lBLL01$h1122
=CAT  \\$a12842$b40$c20121025$lBLL01$h1152
=CAT  \\$a12842$b40$c20130131$lBLL01$h1221
=CAT  \\$aWR13.117$c20130718$lBLL01$h1854
=CAT  \\$a12842$b40$c20131007$lBLL01$h1034
=CAT  \\$aW1606-1727$c20160825$lBLL01$h1742
=CAT  \\$aW2302-0174$c20230223$lBLL01$h1959
=FIN  \\$aY$d20121025
=FMT  \\$a  MP
=LAS  \\$aW2302-0174$b00$c20230223$lBLL01$h1959

