=LDR  02866cfm a2200577 a 4500
=001  016197448
=003  Uk
=005  20230223161646.0
=007  aj\canzn
=008  121025s1798\\\\xx\||||||\a\\\\\0\\\eng|\
=034  1\$aa$dW0015055$eW0015110$fN0513019$gN0513011$2bound
=040  \\$aUk$beng$cUk$dUk
=042  \\$aukblsr
=082  04$a912.42132$223
=100  1\$aChawner, Thomas,$d1774-1851.
=245  10$a[Plan of property belonging to the Crown in Park Lane and Carrington Place] /$cT. Chawner.
=255  \\$aScale not given$c(W 1°50'55"--W 1°51'10"/N 51°30'19"--N 51°30'11").
=260  \\$cJuly 19th [17]98.
=300  \\$a1 map :$bhand col. ;$c44 x 61 cm
=336  \\$acartographic image$2rdacontent
=337  \\$aunmediated$2rdamedia
=338  \\$asheet$2rdacarrier
=500  \\$aPen and ink with wash on paper with additions in pencil.
=500  \\$aTitle taken from A catalogue of maps, plans and views of London, Westminster and Southwark collected and arranged by Frederick Crace, 1878.
=500  \\$aShows properties on Park Lane and Carrington Place; names of leaseholders and dimensions given.
=510  4\$aCrace, John Gregory, A catalogue of maps, plans and views of London, Westminster and Southwark collected and arranged by Frederick Crace (1878),$cno. 60, p. 71
=510  4\$aFrench, Josephine. Tooley's dictionary of mapmakers A-D (1999),$cp. 260
=520  \\$aThis plan has a scale bar at bottom centre and shows the ground plans of the houses and stables in the estate, with the names of leaseholders indicated.
=650  \0$aArchitectural drawing$zEngland$zLondon$vMaps$vEarly works to 1800.
=650  \0$aReal property$zEngland$zLondon$vMaps$vEarly works to 1800.
=651  \0$aMayfair (London, England)$vMaps$vEarly works to 1800.
=651  \0$aLondon (England)$vMaps$vEarly works to 1800.
=655  \7$aEarly maps.$2fast$0(OCoLC)fst01752681
=700  1\$aCrace, Frederick,$d1779-1859,$eformer owner.
=700  1\$aCrace, John Gregory,$d1809-1889,$edonor.
=852  41$aBritish Library$bMAPS$jMaps Crace Port. 10.60
=856  41$3Copy at Maps Crace Port. 10.60$uhttp://www.bl.uk/onlinegallery/onlineex/crace/other/007000000000010u00060000.html$yDigitised map
=985  \\$aUpgraded from BL georeferencer data 2022-11-17.
=985  \\$aRecord amended for WR1606-1727
=985  \\$aUpdated by MS generated file for WR2302-017
=CAT  \\$a12842$b40$c20121025$lBLL01$h1433
=CAT  \\$a12842$b40$c20130131$lBLL01$h1222
=CAT  \\$aWR13.117$c20130718$lBLL01$h1854
=CAT  \\$a12842$b40$c20131007$lBLL01$h1036
=CAT  \\$aW1606-1727$c20160825$lBLL01$h1742
=CAT  \\$a14185$b40$c20221201$lBLL01$h1755
=CAT  \\$a14185$b40$c20221204$lBLL01$h1923
=CAT  \\$aW2302-0174$c20230223$lBLL01$h1959
=FIN  \\$aY$d20121025
=FMT  \\$a  MP
=LAS  \\$aW2302-0174$b00$c20230223$lBLL01$h1959

