=LDR  03229cem a2200637 a 4500
=001  016197516
=003  Uk
=005  20230223161646.0
=007  aj\aanzn
=008  121025q1767\\\\enk||||||\a\\\\\0\\\eng|\
=034  0\$aa
=040  \\$aUk$beng$cUk$dUk
=042  \\$aukblsr
=082  04$a912.42132$223
=100  1\$aDarly, Matthias,$dapproximately 1720-approximately 1778,$eengraver.
=245  10$aPlan of the ground floor of the Rt. Honble [sic] the Earl of Chesterfield's House in May Fair /$cI. Ware arch. ; J. Woolfe del. ; M. Darly sc.
=246  11$aPlan du rez du chaussée de la maison de Monsr. le Comte de Chesterfield
=255  \\$aScale not given.
=260  \\$a[London,$c1767]
=300  \\$a1 map ;$c26 x 39 cm
=336  \\$acartographic image$2rdacontent
=337  \\$aunmediated$2rdamedia
=338  \\$asheet$2rdacarrier
=500  \\$aFrom vol. 4 of Vitruvius Britannicus, or the British Architect, published by James Gandon and John Woolfe between 1767 and 1771.
=500  \\$aDate in imprint taken from London illustrated, B. Adams.
=500  \\$aChesterfield House was built between 1747-52 by Philip Stanhope, 4th Earl of Chesterfiel and demolished in 1937. It stood in Mayfair on the north side of Curzon Street, between South Audley Street and what is now Chesterfield Street.
=500  \\$aTop margin: v. 4, 67.
=510  4\$aCrace, John Gregory, A catalogue of maps, plans and views of London, Westminster and Southwark collected and arranged by Frederick Crace (1878),$cno. 61, p. 71
=510  4\$aAdams, Bernard, London illustrated (1983),$b1604-1851,$cno. 45 (17), p. 114
=510  4\$aWorms, Laurence, Baynton-Williams, Ashley. British map engravers: a dictionary of engravers, lithographers and their principal employers,$bto 1850,$cp. 182
=650  \0$aArchitecture$zEngland$zLondon$vDesigns and plans$vEarly works to 1800.
=651  \0$aMayfair (London, England)$vMaps$vEarly works to 1800.
=651  \0$aWestminster (London, England)$vMaps$vEarly works to 1800.
=651  \0$aLondon (England)$vMaps$vEarly works to 1800.
=655  \7$aEarly maps.$2fast$0(OCoLC)fst01752681
=700  1\$aCrace, Frederick,$d1779-1859,$eformer owner.
=700  1\$aCrace, John Gregory,$d1809-1889,$edonor.
=700  1\$aGandon, James,$d1742-1823.
=700  1\$aWare, Isaac,$d1704?-1766,$earchitect.
=700  1\$aWoolfe, John,$d-1793.
=852  41$aBritish Library$bMAPS$jMaps Crace Port. 10.61
=856  41$3Copy at Maps Crace Port. 10.61$uhttp://www.bl.uk/onlinegallery/onlineex/crace/p/007000000000010u00061000.html$yDigitised map
=985  \\$aRecord amended for WR# 13/070
=985  \\$aRecord amended for WR1606-1727
=985  \\$aUpdated by MS generated file for WR2302-017
=CAT  \\$a12842$b40$c20121025$lBLL01$h1601
=CAT  \\$aWR13_070$b00$c20130504$lBLL01$h0340
=CAT  \\$aWR13.117$c20130718$lBLL01$h1854
=CAT  \\$a12842$b40$c20131007$lBLL01$h1038
=CAT  \\$aW1606-1727$c20160825$lBLL01$h1742
=CAT  \\$aBATCH-UPD$b00$c20161113$lBLL01$h2107
=CAT  \\$aBATCH-UPD$b00$c20170513$lBLL01$h1745
=CAT  \\$aW2302-0174$c20230223$lBLL01$h1959
=FIN  \\$aY$d20121025
=FMT  \\$a  MP
=LAS  \\$aW2302-0174$b00$c20230223$lBLL01$h1959

