=LDR  02530cem a2200541 a 4500
=001  016197773
=003  Uk
=005  20230223161646.0
=007  aj\aanzn
=008  121026q1800\\\\enk||||||\a\\\\\0\\\eng|\
=034  0\$aa
=040  \\$aUk$beng$cUk$dUk
=042  \\$aukblsr
=082  04$a912.42132$223
=100  1\$aPaine, James,$d1717?-1789,$earchitect.
=245  10$a[Plan of the Marquis of Breadalbane's House, 21 Park Lane] /$cJ. Paine, archt.
=255  \\$aScale not given.
=260  \\$c[1800]
=300  \\$a1 map ;$c31 x 26 cm
=336  \\$acartographic image$2rdacontent
=337  \\$aunmediated$2rdamedia
=338  \\$asheet$2rdacarrier
=500  \\$aTitle taken from A catalogue of maps, plans and views of London, Westminster and Southwark collected and arranged by Frederick Crace, 1878.
=500  \\$aSupplies two plans of ground and office floors with rooms lettered for reference.
=500  \\$aBreadalbane House was built in 1766-70 for Robert, 9th Baron Petre of Thorndon Hall in Essex, it survived until 1876-7. Prior to the renumbering of 1872 the house was also known as No. 21 Park Lane and afterwards as No. 26.
=500  \\$aUpper left: p. LXXII.
=500  \\$aPencil note below plans: Marquis of Breadalbane House about 3 doors from Grosvenor St.
=510  4\$aCrace, John Gregory, A catalogue of maps, plans and views of London, Westminster and Southwark collected and arranged by Frederick Crace (1878),$cno. 62, p. 71
=650  \0$aArchitecture$zEngland$zLondon$vDesigns and plans.
=651  \0$aMayfair (London, England)$vMaps.
=651  \0$aWestminster (London, England)$vMaps.
=651  \0$aLondon (England)$vMaps.
=655  \7$aMaps.$2fast$0(OCoLC)fst01423704
=700  1\$aCrace, Frederick,$d1779-1859,$eformer owner.
=700  1\$aCrace, John Gregory,$d1809-1889,$edonor.
=852  41$aBritish Library$bMAPS$jMaps Crace Port. 10.62
=856  41$3Copy at Maps Crace Port. 10.62$uhttp://www.bl.uk/onlinegallery/onlineex/crace/other/007000000000010u00062000.html$yDigitised map
=985  \\$aRecord amended for WR1606-1727
=985  \\$aUpdated by MS generated file for WR2302-017
=CAT  \\$a12842$b40$c20121026$lBLL01$h1150
=CAT  \\$a12842$b40$c20121026$lBLL01$h1151
=CAT  \\$aWR13.117$c20130718$lBLL01$h1854
=CAT  \\$a12842$b40$c20131007$lBLL01$h1040
=CAT  \\$aW1606-1727$c20160825$lBLL01$h1742
=CAT  \\$aW2302-0174$c20230223$lBLL01$h1959
=FIN  \\$aY$d20121026
=FMT  \\$a  MP
=LAS  \\$aW2302-0174$b00$c20230223$lBLL01$h1959

