=LDR  02912cfm a2200601 a 4500
=001  016197812
=003  Uk
=005  20230223161646.0
=007  aj\aanzn
=008  121026q1791\\\\xx\||||||\a\\\\\0\\\eng|\
=034  1\$aa$dW0015028$eW0015035$fN0513049$gN0513044$2bound
=040  \\$aUk$beng$cUk$dUk
=042  \\$aukblsr
=082  04$a912.421$223
=100  10$aSaunders, George,$d1762-1839,$earchitect.
=245  10$a[Plan of the site of Camelford House, corner of Oxford Street and Park Lane, built by Thomas Pitt, afterwards Lord Camelford, and the property adjoining].
=255  \\$aScale not given$c(W 1°50'28"--W 1°50'35"/N 51°30'49"--N 51°30'44").
=260  \\$c1791.
=300  \\$a1 map ;$c46 x 30 cm
=336  \\$acartographic image$2rdacontent
=337  \\$aunmediated$2rdamedia
=338  \\$asheet$2rdacarrier
=500  \\$aPen and ink with wash on paper with additions in pencil.
=500  \\$aTitle and architect's name taken from A catalogue of maps, plans and views of London, Westminster and Southwark collected and arranged by Frederick Crace, 1878.
=500  \\$aShows properties on Park Lane between Oxford Street and North Rowe; some dimensions given.
=510  4\$aCrace, John Gregory, A catalogue of maps, plans and views of London, Westminster and Southwark collected and arranged by Frederick Crace (1878),$cno. 63, p. 72
=520  \\$aDrawn plan of the ground plot of the house built by Thomas Pitt, later Lord Camelford, at the corner of Oxford Street and Park Lane.
=650  \0$aReal property$zEngland$zLondon$vMaps$vEarly works to 1800.
=651  \0$aWestminster (London, England)$vMaps.
=651  \0$aMayfair (London, England)$vMaps.
=651  \0$aLondon (England)$vMaps.
=655  \7$aMaps.$2fast$0(OCoLC)fst01423704
=700  1\$aCrace, Frederick,$d1779-1859,$eformer owner.
=700  1\$aCrace, John Gregory,$d1809-1889,$edonor.
=700  1\$aPitt, Thomas,$cBaron Camelford,$d1775-1804.
=852  41$aBritish Library$bMAPS$jMaps Crace Port. 10.63
=856  41$3Copy at Maps Crace Port. 10.63$uhttp://www.bl.uk/onlinegallery/onlineex/crace/other/007000000000010u00063000.html$yDigitised map
=985  \\$aUpgraded from BL georeferencer data 2022-11-17.
=985  \\$aRecord amended for WR1606-1727
=985  \\$aUpdated by MS generated file for WR2302-017
=CAT  \\$a12842$b40$c20121026$lBLL01$h1343
=CAT  \\$a12842$b40$c20121026$lBLL01$h1406
=CAT  \\$aWR13.117$c20130718$lBLL01$h1854
=CAT  \\$a12842$b40$c20131007$lBLL01$h1042
=CAT  \\$aBATCH-UPD$b40$c20140528$lBLL01$h1020
=CAT  \\$aBATCH-UPD$b40$c20160224$lBLL01$h1706
=CAT  \\$aW1606-1727$c20160825$lBLL01$h1742
=CAT  \\$a14185$b40$c20221201$lBLL01$h1755
=CAT  \\$a14185$b40$c20221204$lBLL01$h1924
=CAT  \\$aW2302-0174$c20230223$lBLL01$h1959
=FIN  \\$aY$d20121026
=FMT  \\$a  MP
=LAS  \\$aW2302-0174$b00$c20230223$lBLL01$h1959

