=LDR  02627cem a2200565 a 4500
=001  016197866
=003  Uk
=005  20230223161646.0
=007  aj\aanzn
=008  121026s1777\\\\enk||||||\a\\\\\0\\\eng|\
=034  0\$aa
=040  \\$aUk$beng$cUk$dUk
=041  0\$aeng$afre
=042  \\$aukblsr
=082  04$a912.42132$223
=100  1\$aBlyth, Robert,$d1750-1784,$eengraver.
=245  10$aPlan of the parlor story of the Earl of Derby's House in Grosvenor Square /$cRt. Adam, architect ; Rt. Blyth incidit.
=246  11$aPlan du rez de chaussée de la Maison du Conte de Derby dans de Quarré de Grosvenor
=255  \\$aScale not given.
=260  \\$c1777.
=300  \\$a1 map ;$c61 x 44 cm
=336  \\$acartographic image$2rdacontent
=337  \\$aunmediated$2rdamedia
=338  \\$asheet$2rdacarrier
=500  \\$aSupplies two plans of ground and office floors with dimensions reported.
=500  \\$aDerby's House was rebuilt in 1773-74 for the 11th Earl of Derby by Robert Adam.
=500  \\$aAt top margin: vol. II, no. I, plate I.
=510  4\$aCrace, John Gregory, A catalogue of maps, plans and views of London, Westminster and Southwark collected and arranged by Frederick Crace (1878),$cno. 64, p. 72
=510  4\$aWorms, Laurence, Baynton-Williams, Ashley. British map engravers: a dictionary of engravers, lithographers and their principal employers,$bto 1850,$cp. 92
=546  \\$aTitle and premises' labels given in English and French.
=650  \0$aArchitecture$zEngland$zLondon$vDesigns and plans$vEarly works to 1800.
=651  \0$aWestminster (London, England)$vMaps$vEarly works to 1800.
=651  \0$aMayfair (London, England)$vMaps$vEarly works to 1800.
=651  \0$aLondon (England)$vMaps$vEarly works to 1800.
=655  \7$aMaps.$2fast$0(OCoLC)fst01423704
=700  1\$aCrace, Frederick,$d1779-1859,$eformer owner.
=700  1\$aCrace, John Gregory,$d1809-1889,$edonor.
=700  1\$aAdam, Robert,$d1728-1792,$earchitect.
=852  41$aBritish Library$bMAPS$jMaps Crace Port. 10.64
=856  41$3Copy at Maps Crace Port. 10.64$uhttp://www.bl.uk/onlinegallery/onlineex/crace/p/007000000000010u00064000.html$yDigitised map
=985  \\$aRecord amended for WR1606-1727
=985  \\$aUpdated by MS generated file for WR2302-017
=CAT  \\$a12842$b40$c20121026$lBLL01$h1456
=CAT  \\$aWR13.117$c20130718$lBLL01$h1854
=CAT  \\$a12842$b40$c20131007$lBLL01$h1145
=CAT  \\$aW1606-1727$c20160825$lBLL01$h1742
=CAT  \\$aW2302-0174$c20230223$lBLL01$h1959
=FIN  \\$aY$d20121026
=FMT  \\$a  MP
=LAS  \\$aW2302-0174$b00$c20230223$lBLL01$h1959

