=LDR  02240cfm a2200505 a 4500
=001  016197924
=003  Uk
=005  20230223161646.0
=007  aj\aanzn
=008  121026q1800\\\\xx\||||||\a\\\\\0\\\eng|\
=034  0\$aa
=040  \\$aUk$beng$cUk$dUk
=042  \\$aukblsr
=082  04$a912.42132$223
=245  00$a[Drawn extract from Rocque's survey of London and Westminster of 1747, and from C. Jones's plan of 1779 showing Crown Hill estate].
=255  \\$aScale not given.
=260  \\$c[ca. 1800]
=300  \\$a1 map :$bhand col. ;$c37 x 25 cm
=336  \\$acartographic image$2rdacontent
=337  \\$aunmediated$2rdamedia
=338  \\$asheet$2rdacarrier
=500  \\$aPen and ink with wash on paper with additions in pencil.
=500  \\$aIncluded in the Crace Collection but not listed in Catalogue of maps, plans and views of London, Westminster and Southwark collected and arranged by Frederick Crace, published in 1878.
=650  \0$aPalaces$zEngland$zLondon$vMaps$vEarly works to 1800.
=650  \0$aRoyal gardens$zEngland$zLondon$vMaps$vEarly works to 1800.
=651  \0$aKensington Gardens (London, England)$vMaps$vEarly works to 1800.
=651  \0$aKensington Palace (London, England)$vMaps$vEarly works to 1800.
=651  \0$aHyde Park (London, England)$vMaps$vEarly works to 1800.
=651  \0$aLondon (England)$vMaps$vEarly works to 1800.
=655  \7$aEarly maps.$2fast$0(OCoLC)fst01752681
=700  1\$aCrace, Frederick,$d1779-1859,$eformer owner.
=700  1\$aCrace, John Gregory,$d1809-1889,$edonor.
=852  41$aBritish Library$bMAPS$jMaps Crace Port. 10.66
=856  41$3Copy at Maps Crace Port. 10.66$uhttp://www.bl.uk/onlinegallery/onlineex/crace/other/007000000000010u00066000.html$yDigitised map
=985  \\$aRecord amended for WR1606-1727
=985  \\$aUpdated by MS generated file for WR2302-017
=CAT  \\$a12842$b40$c20121026$lBLL01$h1709
=CAT  \\$a12842$b40$c20121026$lBLL01$h1710
=CAT  \\$aWR13.117$c20130718$lBLL01$h1854
=CAT  \\$a12842$b40$c20131007$lBLL01$h1153
=CAT  \\$aW1606-1727$c20160825$lBLL01$h1742
=CAT  \\$aW2302-0174$c20230223$lBLL01$h1959
=FIN  \\$aY$d20121026
=FMT  \\$a  MP
=LAS  \\$aW2302-0174$b00$c20230223$lBLL01$h1959

