=LDR  03265cem a2200601 a 4500
=001  016204787
=003  Uk
=005  20230223161648.0
=007  aj\canzn
=008  121106q1829\\\\enk||||||\a\\\\\0\\\eng|\
=034  1\$aa$dW0015440$eW0015445$fN0513046$gN0513041$2bound
=040  \\$aUk$beng$cUk$dUk
=042  \\$aukblsr
=082  04$a912.4212$223
=100  1\$aFirth, Charles Mousley,$dactive 1823-1851.
=245  10$aPlan of the freehold and leasehold estates :$blate the establishment of the General Post Office for sale in 14 lots by Mr. Hoggart.
=255  \\$aScale not given$c(W 1°54'40"--W 1°54'45"/N 51°30'46"--N 51°30'41").
=260  \\$a[London] :$bC. M. Firth Lithog, 24 Birchin Lane Cornhill,$c[ca. 1829]
=300  \\$a1 map :$bhand col. ;$c34 x 41 cm
=336  \\$acartographic image$2rdacontent
=337  \\$aunmediated$2rdamedia
=338  \\$asheet$2rdacarrier
=500  \\$aSupplies ground plan of property on sale after Post Office relocation to St Martin le Grand in 1829.
=500  \\$aEstate divided into 14 lots, coloured for reference; lot 4 - leasehold of the Drapers Company.
=500  \\$aCharles Mousley Firth located at 24 Birchin Lane, Cornhill between 1832 and 1834.
=510  4\$aCrace, John Gregory, A catalogue of maps, plans and views of London, Westminster and Southwark collected and arranged by Frederick Crace (1878),$cno. 106, p. 56
=510  4\$aWorms, Laurence, Baynton-Williams, Ashley. British map engravers: a dictionary of engravers, lithographers and their principal employers,$bto 1850,$cp. 234
=520  \\$aThis is a plan of freehold and leasehold property to be sold at auction. The premises were previously occupied by the Post Office and were sold when the office moved from Lombard Street to St Martin le Grand in 1829. The estate is divided into 14 lots, delineated by pecked lines and colour. A note towards the lower right states that the lease of Lot 4 is held by the Drapers Company.
=650  \0$aReal property$zEngland$zLondon$vMaps.
=651  \0$aCity of London (England)$vMaps.
=651  \0$aLondon (England)$vMaps.
=655  \7$aMaps.$2fast$0(OCoLC)fst01423704
=700  1\$aCrace, Frederick,$d1779-1859,$eformer owner.
=700  1\$aCrace, John Gregory,$d1809-1889,$edonor.
=852  41$aBritish Library$bMAPS$jMaps Crace Port. 9.106
=856  41$3Copy at Maps Crace Port. 9.106$uhttp://www.bl.uk/onlinegallery/onlineex/crace/p/007zzz000000009u00106000.html$yDigitised map
=985  \\$aUpgraded from BL georeferencer data 2022-11-17.
=985  \\$aRecord amended for WR# 13/070
=985  \\$aRecord amended for WR1606-1727
=985  \\$aUpdated by MS generated file for WR2302-017
=CAT  \\$a12842$b40$c20121106$lBLL01$h1110
=CAT  \\$a12842$b40$c20121106$lBLL01$h1111
=CAT  \\$a12842$b40$c20121106$lBLL01$h1355
=CAT  \\$aWR13_070$b00$c20130504$lBLL01$h0340
=CAT  \\$aWR13.117$c20130718$lBLL01$h1854
=CAT  \\$a12842$b40$c20131004$lBLL01$h1336
=CAT  \\$aW1606-1727$c20160825$lBLL01$h1742
=CAT  \\$a14185$b40$c20221201$lBLL01$h1547
=CAT  \\$a14185$b40$c20221202$lBLL01$h1411
=CAT  \\$aW2302-0174$c20230223$lBLL01$h1959
=FIN  \\$aY$d20121106
=FMT  \\$a  MP
=LAS  \\$aW2302-0174$b00$c20230223$lBLL01$h1959

