=LDR  02441cem a2200529 a 4500
=001  016204957
=003  Uk
=005  20230223161648.0
=007  aj\canzn
=008  121106q1834\\\\enk||||||\a\\\\\0\\\eng|\
=034  0\$aa
=040  \\$aUk$beng$cUk$dUk
=042  \\$aukblsr
=082  04$a912.4212$223
=100  1\$aFirth, Charles Mousley,$dactive 1823-1851.
=245  10$aGround plan of premises, King William St, in the City of London :$bfor sale by Mr. Hoggart.
=255  \\$aScale not given.
=260  \\$a[London] :$bFirth Litho., 7 St. Michael's Alley, Cornhill,$c[ca. 1834]
=300  \\$a1 map :$bhand col. ;$c37 x 48 cm
=336  \\$acartographic image$2rdacontent
=337  \\$aunmediated$2rdamedia
=338  \\$asheet$2rdacarrier
=500  \\$aSupplies detailed ground plan and elevation of property on King William Street. Estate divided into 4 lots, coloured for reference.
=500  \\$aCharles Mousley Firth was located at 7 St. Michael's Alley, Cornhill between 1834 and 1844.
=510  4\$aCrace, John Gregory, A catalogue of maps, plans and views of London, Westminster and Southwark collected and arranged by Frederick Crace (1878),$cno. 107, p. 56
=510  4\$aWorms, Laurence, Baynton-Williams, Ashley. British map engravers: a dictionary of engravers, lithographers and their principal employers,$bto 1850,$cp. 234
=650  \0$aReal property$zEngland$zLondon$vMaps.
=651  \0$aCity of London (England)$vMaps.
=651  \0$aLondon (England)$vMaps.
=655  \7$aMaps.$2fast$0(OCoLC)fst01423704
=700  1\$aCrace, Frederick,$d1779-1859,$eformer owner.
=700  1\$aCrace, John Gregory,$d1809-1889,$edonor.
=852  41$aBritish Library$bMAPS$jMaps Crace Port. 9.107
=856  41$3Copy at Maps Crace Port. 9.107$uhttp://www.bl.uk/onlinegallery/onlineex/crace/g/007zzz000000009u00107000.html$yDigitised map
=985  \\$aRecord amended for WR# 13/070
=985  \\$aRecord amended for WR1606-1727
=985  \\$aUpdated by MS generated file for WR2302-017
=CAT  \\$a12842$b40$c20121106$lBLL01$h1341
=CAT  \\$a12842$b40$c20130311$lBLL01$h1537
=CAT  \\$aWR13_070$b00$c20130504$lBLL01$h0340
=CAT  \\$aWR13.117$c20130718$lBLL01$h1854
=CAT  \\$a12842$b40$c20131004$lBLL01$h1337
=CAT  \\$aW1606-1727$c20160825$lBLL01$h1742
=CAT  \\$aW2302-0174$c20230223$lBLL01$h1959
=FIN  \\$aY$d20121106
=FMT  \\$a  MP
=LAS  \\$aW2302-0174$b00$c20230223$lBLL01$h1959

