=LDR  02818cfm a2200577 a 4500
=001  016205171
=003  Uk
=005  20230223161648.0
=007  aj\aanzn
=008  121106s1760\\\\enk||||||\a\\\\\0\\\eng|\
=034  0\$aa
=040  \\$aUk$beng$cUk$dUk
=042  \\$aukblsr
=082  04$a912.4212$223
=100  1\$aRobinson, William,$dactive 1748-1767.
=245  10$a[Plan of the property belonging to John Conyers, Esq., on the west side of Bishopsgate Street, called the Sun Yard].
=255  \\$aScale not given.
=260  \\$a[London] :$b[Mercers' Company],$c1760.
=300  \\$a1 plan ;$c31 x 76 cm
=336  \\$acartographic image$2rdacontent
=337  \\$aunmediated$2rdamedia
=338  \\$avolume$2rdacarrier
=500  \\$aPencil, pen and ink on paper.
=500  \\$aTitle and surveyor's name taken from A catalogue of maps, plans and views of London, Westminster and Southwark collected and arranged by Frederick Crace, 1878.
=500  \\$aWilliam Robinson worked as urban estate surveyor to Mercers' Company from 1755.
=500  \\$aShows property on the west side of Bishopsgate Street; dimensions and names reported.
=500  \\$aPaste down with names and lease details at right portion of sheet.
=510  4\$aCrace, John Gregory, A catalogue of maps, plans and views of London, Westminster and Southwark collected and arranged by Frederick Crace (1878),$cno. 108, p. 57
=510  4\$aBendall, Sarah. Dictionary of land surveyors and local map-makers of Great Britain and Ireland (1997),$b1530-1850,$cno. R217, p. 439
=650  \0$aReal property$zEngland$zLondon$vMaps$vEarly works to 1800.
=650  \0$aArchitectural drawing$zEngland$zLondon$vMaps$vEarly works to 1800.
=651  \0$aCity of London (England)$vMaps$vEarly works to 1800.
=651  \0$aLondon (England)$vMaps$vEarly works to 1800.
=655  \7$aEarly maps.$2fast$0(OCoLC)fst01752681
=700  1\$aCrace, Frederick,$d1779-1859,$eformer owner.
=700  1\$aCrace, John Gregory,$d1809-1889,$edonor.
=710  2\$aMercers' Company (London, England),$esponsoring body.
=852  41$aBritish Library$bMAPS$jMaps Crace Port. 9.108
=856  41$3Copy at Maps Crace Port. 9.108$uhttp://www.bl.uk/onlinegallery/onlineex/crace/other/007zzz000000009u00108000.html$yDigitised map
=985  \\$aRecord amended for WR1606-1727
=985  \\$aUpdated by MS generated file for WR2302-017
=CAT  \\$a12842$b40$c20121106$lBLL01$h1632
=CAT  \\$aWR13.117$c20130718$lBLL01$h1854
=CAT  \\$a12842$b40$c20131004$lBLL01$h1340
=CAT  \\$a12842$b40$c20131004$lBLL01$h1347
=CAT  \\$a8962$b40$c20131111$lBLL01$h1458
=CAT  \\$aW1606-1727$c20160825$lBLL01$h1742
=CAT  \\$aW2302-0174$c20230223$lBLL01$h1959
=FIN  \\$aY$d20121106
=FMT  \\$a  MP
=LAS  \\$aW2302-0174$b00$c20230223$lBLL01$h1959

