=LDR  03497cfm a2200625 a 4500
=001  016206842
=003  Uk
=005  20230223161649.0
=007  aj\aanzn
=008  121107q1800\\\\xx\||||||\a\\\\\0\\\eng|\
=034  1\$aa$dW0015326$eW0015331$fN0513058$gN0513055$2bound
=040  \\$aUk$beng$cUk$dUk
=042  \\$aukblsr
=082  04$a912.4212$223
=245  02$aA plott of the building upon the ground of Sr Nicolas Bacon Knight of the Bath, in Fetter Lane in the parish of St Dunston in the west London :$btogether with the names of those persons to whome the same ware [sic] first granted. Described in the yeare of our Lord God one thosand [sic] six hundred & seaventy [sic] by John Goslyng.
=255  \\$aScale not given$c(W 1°53'26"--W 1°53'31"/N 51°30'58"--N 51°30'55").
=260  \\$c[ca. 1800]
=300  \\$a1 map ;$c47 x 60 cm
=336  \\$acartographic image$2rdacontent
=337  \\$aunmediated$2rdamedia
=338  \\$asheet$2rdacarrier
=500  \\$aPencil, pen and ink on paper.
=500  \\$aA copy of original plan of 1670 produced by John Goslyng showing the property in Nevills Alley, Fetter Lane.
=500  \\$aIncludes an explanatory note with terms of lease of various parts of the freehold; leaseholders names reported; buildings shown in elevation.
=510  4\$aCrace, John Gregory, A catalogue of maps, plans and views of London, Westminster and Southwark collected and arranged by Frederick Crace (1878),$cno. 109, p. 57
=510  4\$aBendall, Sarah. Dictionary of land surveyors and local map-makers of Great Britain and Ireland (1997),$b1530-1850,$cno. G204, p. 207
=510  4\$aFrench, Josephine. Tooley's dictionary of mapmakers E-J (2001),$cp. 192
=520  \\$aThis is a copy of a plan made by Goslyng in the 17th century of the buildings upon the land owned by Sir Nicolas Bacon, Knight of the Bath. The names of the tenants to whom the land was first granted are recorded in each case. The buildings erected on the land are shown in elevation. The plan features a compass rose, a coat of arms and a decorative scale bar.
=650  \0$aArchitectural drawing$zEngland$zLondon$vMaps.
=650  \0$aReal property$zEngland$zLondon$vMaps.
=651  \0$aCity of London (England)$vMaps.
=651  \0$aLondon (England)$vMaps.
=655  \7$aMaps.$2fast$0(OCoLC)fst01423704
=700  1\$aCrace, Frederick,$d1779-1859,$eformer owner.
=700  1\$aCrace, John Gregory,$d1809-1889,$edonor.
=700  1\$aGoslyng, John,$dactive 1670,$esurveyor.
=852  41$aBritish Library$bMAPS$jMaps Crace Port. 9.109
=856  41$3Copy at Maps Crace Port. 9.109$uhttp://www.bl.uk/onlinegallery/onlineex/crace/a/007zzz000000009u00109000.html$yDigitised map
=985  \\$aUpgraded from BL georeferencer data 2022-11-17.
=985  \\$aRecord amended for WR# 13/070
=985  \\$aRecord amended for WR1606-1727
=985  \\$aUpdated by MS generated file for WR2302-017
=CAT  \\$a12842$b40$c20121107$lBLL01$h1111
=CAT  \\$a12842$b40$c20121107$lBLL01$h1116
=CAT  \\$aWR13_070$b00$c20130504$lBLL01$h0340
=CAT  \\$aWR13.117$c20130718$lBLL01$h1854
=CAT  \\$a12842$b40$c20131004$lBLL01$h1343
=CAT  \\$a12842$b40$c20131004$lBLL01$h1347
=CAT  \\$aW1606-1727$c20160825$lBLL01$h1742
=CAT  \\$a14185$b40$c20221201$lBLL01$h1756
=CAT  \\$a14185$b40$c20221204$lBLL01$h1925
=CAT  \\$aW2302-0174$c20230223$lBLL01$h1959
=FIN  \\$aY$d20121107
=FMT  \\$a  MP
=LAS  \\$aW2302-0174$b00$c20230223$lBLL01$h1959

