=LDR  03142cfm a2200577 a 4500
=001  016207236
=003  Uk
=005  20230223161649.0
=007  aj\aanzn
=008  121107s1785\\\\enk||||||\a\\\\\0\\\eng|\
=034  0\$aa
=040  \\$aUk$beng$cUk$dUk
=042  \\$aukblsr
=082  04$a912.4212$223
=100  1\$aBaker, John$c(Surveyor),$esurveyor.
=245  10$a[Plan of property on east side of St Paul's Churchyard].
=255  \\$aScale not given.
=260  \\$cApril 5th 1785.
=300  \\$a1 plan ;$c36 x 51 cm
=336  \\$acartographic image$2rdacontent
=337  \\$aunmediated$2rdamedia
=338  \\$avolume$2rdacarrier
=500  \\$aPen and ink with wash on paper.
=500  \\$aDraughtsman's name taken from A catalogue of maps, plans and views of London, Westminster and Southwark collected and arranged by Frederick Crace, 1878.
=500  \\$aAnnotation at bottom right: 'Copied by Baker from an original plan dated Febr. 7th 1754. Note below plan: 1785 April 5th; The above plan, writing and figures is a true copy of the plan on parchment originally made & signed as above and now in the possesion of the Mercers Company'.
=500  \\$aMercers' Company property outlined in colour; some dimensions reported.
=500  \\$aDetailed plan of property in St Paul's Church Yard produced for the Mercers' Company's property survey carried out in the 18th century, when the Company was facing financial difficulties. Related to two volumes of series of plans in the same style dated approximately 1740?-1792, and approximately 1821-1833 hold by the Mercers' Company's Archive.
=510  4\$aCrace, John Gregory, A catalogue of maps, plans and views of London, Westminster and Southwark collected and arranged by Frederick Crace (1878),$cno. 111, p. 57
=510  4\$aFrench, Josephine. Tooley's dictionary of mapmakers A-D (1999),$cp. 73
=650  \0$aReal property$zEngland$zLondon$vMaps$vEarly works to 1800.
=650  \0$aArchitectural drawing$zEngland$zLondon$vMaps$vEarly works to 1800.
=651  \0$aCity of London (England)$vMaps$vEarly works to 1800.
=651  \0$aLondon (England)$vMaps$vEarly works to 1800.
=655  \7$aEarly maps.$2fast$0(OCoLC)fst01752681
=700  1\$aCrace, Frederick,$d1779-1859,$eformer owner.
=700  1\$aCrace, John Gregory,$d1809-1889,$edonor.
=710  2\$aMercers' Company (London, England),$esponsoring body.
=852  41$aBritish Library$bMAPS$jMaps Crace Port. 9.111
=856  41$3Copy at Maps Crace Port. 9.111$uhttp://www.bl.uk/onlinegallery/onlineex/crace/other/007zzz000000009u00111000.html$yDigitised map
=985  \\$aRecord amended for WR1606-1727
=985  \\$aUpdated by MS generated file for WR2302-017
=CAT  \\$a12842$b40$c20121107$lBLL01$h1436
=CAT  \\$aWR13.117$c20130718$lBLL01$h1854
=CAT  \\$a12842$b40$c20131004$lBLL01$h1357
=CAT  \\$a12842$b40$c20131004$lBLL01$h1421
=CAT  \\$a12842$b40$c20140318$lBLL01$h1746
=CAT  \\$aW1606-1727$c20160825$lBLL01$h1742
=CAT  \\$aW2302-0174$c20230223$lBLL01$h1959
=FIN  \\$aY$d20121107
=FMT  \\$a  MP
=LAS  \\$aW2302-0174$b00$c20230223$lBLL01$h1959

