=LDR  03090cfm a2200553 a 4500
=001  016207264
=003  Uk
=005  20230223161649.0
=007  aj\canzn
=008  121107s1761\\\\enk||||||\a\\\\\0\\\eng|\
=034  1\$aa$dW0015452$eW0015454$fN0513053$gN0513052$2bound
=040  \\$aUk$beng$cUk$dUk
=042  \\$aukblsr
=082  04$a912.4212$223
=245  00$a[Plan of property on Adams Court, Old Broad Street].
=255  \\$aScale not given$c(W 1°54'52"--W 1°54'54"/N 51°30'53"--N 51°30'52").
=260  \\$a[London :$bMercers' Company],$cNovr. 1761.
=300  \\$a1 plan :$bhand col. ;$c34 x 20 cm
=336  \\$acartographic image$2rdacontent
=337  \\$aunmediated$2rdamedia
=338  \\$avolume$2rdacarrier
=500  \\$aPen and ink with wash on paper.
=500  \\$aSupplies detailed ground plan of properties on Adams Court, Old Broad Street; leaseholders' names and some dimensions reported.
=500  \\$aDetailed plan produced for the Mercers' Company's property survey carried out in the 18th century, when the Company was facing financial difficulties. Related to two volumes of series of plans in the same style dated approximately 1740?-1792, and approximately 1821-1833 held by the Mercers' Company's Archive.
=510  4\$aCrace, John Gregory, A catalogue of maps, plans and views of London, Westminster and Southwark collected and arranged by Frederick Crace (1878),$cno. 112, p. 57
=520  \\$aThis plan comes from the archives of the Mercers' Company, a City livery firm that dealt in textiles. The livery companies were guilds of tradesmen that banded together to promote their interests. As the companies were intimately linked with trade they were capable of amassing great wealth and thus to own property.
=650  \0$aArchitectural drawing$zEngland$zLondon$vMaps$vEarly works to 1800.
=650  \0$aReal property$zEngland$zLondon$vMaps$vEarly works to 1800.
=651  \0$aCity of London (England)$vMaps$vEarly works to 1800.
=651  \0$aLondon (England)$vMaps$vEarly works to 1800.
=655  \7$aEarly maps.$2fast$0(OCoLC)fst01752681
=700  1\$aCrace, Frederick,$d1779-1859,$eformer owner.
=700  1\$aCrace, John Gregory,$d1809-1889,$edonor.
=710  2\$aMercers' Company (London, England),$esponsoring body.
=852  41$aBritish Library$bMAPS$jMaps Crace Port. 9.112
=856  41$3Copy at Maps Crace Port. 9.112$uhttp://www.bl.uk/onlinegallery/onlineex/crace/other/007zzz000000009u00112000.html$yDigitised map
=985  \\$aUpgraded from BL georeferencer data 2022-11-17.
=985  \\$aRecord amended for WR1606-1727
=985  \\$aUpdated by MS generated file for WR2302-017
=CAT  \\$a12842$b40$c20121107$lBLL01$h1454
=CAT  \\$aWR13.117$c20130718$lBLL01$h1854
=CAT  \\$a12842$b40$c20131004$lBLL01$h1403
=CAT  \\$aW1606-1727$c20160825$lBLL01$h1742
=CAT  \\$a14185$b40$c20221201$lBLL01$h1548
=CAT  \\$a14185$b40$c20221202$lBLL01$h1412
=CAT  \\$aW2302-0174$c20230223$lBLL01$h1959
=FIN  \\$aY$d20121107
=FMT  \\$a  MP
=LAS  \\$aW2302-0174$b00$c20230223$lBLL01$h1959

