=LDR  03986cfm a2200637 a 4500
=001  016207772
=003  Uk
=005  20230223161649.0
=007  aj\aanzn
=008  121108q17801814enk||||||\a\\\\\0\\\eng|\
=034  0\$aa
=040  \\$aUk$beng$cUk$dUk
=042  \\$aukblsr
=082  04$a912.4212$223
=100  1\$aCrace, Frederick,$d1779-1859,$ecompiler.
=245  13$a[A collection of four plans of properties on Aldersgate Street with sale particulars].
=255  \\$aScale not given.
=260  \\$a[London] :$b[Mercers' Company],$c[1780?]-1814.
=300  \\$a4 plans on 2 sheets ;$c33 x 48 cm. or smaller
=336  \\$acartographic image$2rdacontent
=337  \\$aunmediated$2rdamedia
=338  \\$asheet$2rdacarrier
=500  \\$aDate taken from A catalogue of maps, plans and views of London, Westminster and Southwark collected and arranged by Frederick Crace, 1878.
=505  00$t[1] A plan of London House, now in possession of Mr. Jacob Ilive Decr. 1747. Published August 8th 1814 with Robert Wilkinson's imprint --$t[2] Plan, elevations and sections for rebuilding the Black Horse Livery Stables in Aldersgate Street. Supplies ground plan with rent details and elevations of the Dwelling House and stables /$rJ. Baker --$t[3] Plan of freehold house in Masons Yard, No. 13 Aldersgate Street --$t[4 Undated plan of a property adjoining the Masons Yard on Aldersgate Street] --$t[5] Particulars of two freehold and leasehold estates, situate on the east side of Aldersgare Street, to be sold by auction, by Mess. Postan & Son, on Thursday, June 26, 1806, at twelve o'clock, on the premises, by order of the executors of Mr. William Pinder, Statuary, and Stone-Mason, deceased, in three lots.
=510  4\$aCrace, John Gregory, A catalogue of maps, plans and views of London, Westminster and Southwark collected and arranged by Frederick Crace (1878),$cno. 114, p. 57
=510  4\$aFrench, Josephine. Tooley's dictionary of mapmakers A-D (1999),$cp. 73
=510  4\$aScott, Valerie. Tooley's dictionary of mapmakers Q-Z (2004),$bp. 389
=650  \0$aReal property$zEngland$zLondon$vMaps.
=650  \0$aArchitectural drawing$zEngland$zLondon$vMaps.
=651  \0$aAldersgate (London, England)$vMaps.
=651  \0$aLondon (England)$vMaps.
=655  \7$aMaps.$2fast$0(OCoLC)fst01423704
=700  1\$aCrace, Frederick,$d1779-1859,$eformer owner.
=700  1\$aCrace, John Gregory,$d1809-1889,$edonor.
=700  1\$aWilkinson, Robert,$d-approximately 1825,$epublisher.
=700  1\$aBaker, John$c(Surveyor),$esurveyor.
=852  41$aBritish Library$bMAPS$jMaps Crace Port. 9.114.(1-5).
=856  41$3Copy at Maps Crace Port. 9.114.(1.)$uhttp://www.bl.uk/onlinegallery/onlineex/crace/a/007zzz000000009u001140a0.html$yDigitised map
=856  41$3Copy at Maps Crace Port. 9.114.(2.)$uhttp://www.bl.uk/onlinegallery/onlineex/crace/p/007zzz000000009u001140b0.html$yDigitised map
=856  41$3Copy at Maps Crace Port. 9.114.(3.)$uhttp://www.bl.uk/onlinegallery/onlineex/crace/p/007zzz000000009u001140c0.html$yDigitised map
=856  41$3Copy at Maps Crace Port. 9.114.(4.)$uhttp://www.bl.uk/onlinegallery/onlineex/crace/other/007zzz000000009u001140d0.html$yDigitised map
=856  41$3Copy at Maps Crace Port. 9.114.(5.)$uhttp://www.bl.uk/onlinegallery/onlineex/crace/p/007zzz000000009u001140e0.html$yDigitised map
=985  \\$aRecord amended for WR# 13/070
=985  \\$aRecord amended for WR1606-1727
=985  \\$aUpdated by MS generated file for WR2302-017
=CAT  \\$a12842$b40$c20121108$lBLL01$h1435
=CAT  \\$a12842$b40$c20121120$lBLL01$h1243
=CAT  \\$aWR13_070$b00$c20130504$lBLL01$h0340
=CAT  \\$aWR13.117$c20130718$lBLL01$h1854
=CAT  \\$a12842$b40$c20131004$lBLL01$h1428
=CAT  \\$a12842$b40$c20131011$lBLL01$h1655
=CAT  \\$aW1606-1727$c20160825$lBLL01$h1742
=CAT  \\$aW2302-0174$c20230223$lBLL01$h1959
=FIN  \\$aY$d20121108
=FMT  \\$a  MP
=LAS  \\$aW2302-0174$b00$c20230223$lBLL01$h1959

