=LDR  03051cem a2200589 a 4500
=001  016213853
=003  Uk
=005  20230223161651.0
=007  aj\canzn
=008  121119q17401772enk||||||\a\\\\\0\\\eng|\
=034  0\$aa
=040  \\$aUk$beng$cUk$dUk
=042  \\$aukblsr
=082  04$a912.4212$223
=100  1\$aCrace, Frederick,$d1779-1859,$ecompiler.
=245  13$a[A collection of thirteen plans of properties on Basinghall Street].
=255  \\$aScale not given.
=260  \\$a[London] :$b[Mercers' Company],$c1740-1772.
=300  \\$a13 plans on 3 sheets ;$c38 x 31 cm or smaller
=336  \\$acartographic image$2rdacontent
=337  \\$aunmediated$2rdamedia
=338  \\$asheet$2rdacarrier
=500  \\$aPen and ink with wash on paper with additions in pencil.
=500  \\$aDetailed plans of properties on Basinghall Street produced for the Mercers' Company's property survey carried out in the 18th century, when the Company was facing financial difficulties. Related to two volumes of series of plans in the same style dated approximately 1740?-1792, and approximately 1821-1833 held by the Mercers' Company's Archive.
=500  \\$aWith references to pages in 'the Book' - probably the volume from which the plans were produced. Prick-marks indicate transference of plans details. Probably working copies with amendments and annotations.
=500  \\$aPremises labelled for reference with measurements given.
=510  4\$aCrace, John Gregory, A catalogue of maps, plans and views of London, Westminster and Southwark collected and arranged by Frederick Crace (1878),$cno. 115, p. 57
=650  \0$aReal property$zEngland$zLondon$vMaps$vEarly works to 1800.
=650  \0$aArchitectural drawing$zEngland$zLondon$vMaps$vEarly works to 1800.
=651  \0$aCity of London (England)$vMaps$vEarly works to 1800.
=651  \0$aLondon (England)$vMaps$vEarly works to 1800.
=655  \7$aEarly maps.$2fast$0(OCoLC)fst01752681
=700  1\$aCrace, Frederick,$d1779-1859,$eformer owner.
=700  1\$aCrace, John Gregory,$d1809-1889,$edonor.
=710  2\$aMercers' Company (London, England),$esponsoring body.
=852  41$aBritish Library$bMAPS$jMaps Crace Port. 9.115.(1-13)
=856  41$3Copy at Maps Crace Port. 9.115.(1-13)$uhttp://www.bl.uk/onlinegallery/onlineex/crace/other/007zzz000000009u001150a0.html$yDigitised map
=985  \\$aRecord amended for WR1606-1727
=985  \\$aUpdated by MS generated file for WR2302-017
=CAT  \\$a12842$b40$c20121119$lBLL01$h1536
=CAT  \\$a12842$b40$c20121119$lBLL01$h1742
=CAT  \\$a12842$b40$c20121120$lBLL01$h1104
=CAT  \\$a12842$b40$c20121123$lBLL01$h1628
=CAT  \\$aWR13.117$c20130718$lBLL01$h1854
=CAT  \\$a12842$b40$c20131011$lBLL01$h1821
=CAT  \\$a12842$b40$c20131011$lBLL01$h1826
=CAT  \\$a12842$b40$c20131015$lBLL01$h1349
=CAT  \\$aW1606-1727$c20160825$lBLL01$h1742
=CAT  \\$aW2302-0174$c20230223$lBLL01$h1959
=FIN  \\$aY$d20121119
=FMT  \\$a  MP
=LAS  \\$aW2302-0174$b00$c20230223$lBLL01$h1959

