=LDR  03420cfm a2200565 a 4500
=001  016217369
=003  Uk
=005  20230223161652.0
=007  aj\canzn
=008  121123q17401766enk||||||\a\\\\\0\\\eng|\
=034  0\$aa
=040  \\$aUk$beng$cUk$dUk
=042  \\$aukblsr
=082  04$a912.4212$223
=100  1\$aCrace, Frederick,$d1779-1859,$ecompiler.
=245  13$a[A collection of five plans of properties on Bread Street].
=255  \\$aScale not given.
=260  \\$a[London] :$b[Mercers' Company],$c1740-1766.
=300  \\$a5 plans on 2 sheets :$bhand col. ;$c31 x 40 cm or smaller
=336  \\$acartographic image$2rdacontent
=337  \\$aunmediated$2rdamedia
=338  \\$asheet$2rdacarrier
=500  \\$aPen and ink with wash on paper with additions in pencil.
=500  \\$aDetailed plans of properties on Bread Street east produced for the Mercers' Company's property survey carried out in the 18th century, when the Company was facing financial difficulties. Related to two volumes of series of plans in the same style dated approximately 1740?-1792, and approximately 1821-1833 held by the Mercers' Company's Archive.
=500  \\$aWith references to pages in 'the Book' - probably the volume from which the plans were produced. Prick-marks indicate transference of plans details. Probably working copies with amendments and annotations.
=500  \\$aPremises labelled for reference with measurements given.
=505  00$t[1 Plan of property on Bread Street occupied by John Drinkwater, dated Novr. 1760] --$t[2 Plan of properties nos. 96 and 97 on Bread Street occupied by George Druce William Standford, dated August 1740] --$t[3 Plan of property on Bread Street occupied by William James, dated July 1766] --$t[4 Plan of property no. 120 on Bread Street occupied by John Drinkwater, dated July 1743] --$t[5 Plan of property no. 98 on Bread Street occupied by Mr. Roberts, dated August 1740].
=510  4\$aCrace, John Gregory, A catalogue of maps, plans and views of London, Westminster and Southwark collected and arranged by Frederick Crace (1878),$cno. 119, p. 58
=650  \0$aArchitectural drawing$zEngland$zLondon$vMaps$vEarly works to 1800.
=650  \0$aReal property$zEngland$zLondon$vMaps$vEarly works to 1800.
=651  \0$aCity of London (England)$vMaps$vEarly works to 1800.
=651  \0$aBread Street (London, England)$vMaps$vEarly works to 1800.
=651  \0$aLondon (England)$vMaps$vEarly works to 1800.
=655  \7$aEarly maps.$2fast$0(OCoLC)fst01752681
=700  1\$aCrace, Frederick,$d1779-1859,$eformer owner.
=700  1\$aCrace, John Gregory,$d1809-1889,$edonor.
=710  2\$aMercers' Company (London, England),$esponsoring body.
=852  41$aBritish Library$bMAPS$jMaps Crace Port. 9.119.(1-5)
=856  41$3Copy at Maps Crace Port. 9.119.(1-5)$uhttp://www.bl.uk/onlinegallery/onlineex/crace/other/007zzz000000009u001190a0.html$yDigitised map
=985  \\$aRecord amended for WR1606-1727
=985  \\$aUpdated by MS generated file for WR2302-017
=CAT  \\$a12842$b40$c20121123$lBLL01$h1555
=CAT  \\$a12842$b40$c20121203$lBLL01$h1506
=CAT  \\$aWR13.117$c20130718$lBLL01$h1854
=CAT  \\$a12842$b40$c20131015$lBLL01$h1441
=CAT  \\$aW1606-1727$c20160825$lBLL01$h1742
=CAT  \\$aW2302-0174$c20230223$lBLL01$h1959
=FIN  \\$aY$d20121123
=FMT  \\$a  MP
=LAS  \\$aW2302-0174$b00$c20230223$lBLL01$h1959

