=LDR  04179cfm a2200601 a 4500
=001  016223994
=003  Uk
=005  20230223161653.0
=007  aj\canzn
=008  121203q17341772enk||||||\a\\\\\0\\\eng|\
=034  0\$aa
=040  \\$aUk$beng$cUk$dUk
=042  \\$aukblsr
=082  04$a912.4212$223
=100  1\$aCrace, Frederick,$d1779-1859,$ecompiler.
=245  13$a[A collection of eight plans of properties on Budge Row].
=255  \\$aScales differ.
=260  \\$a[London] :$b[Mercers' Company],$c1734-1772.
=300  \\$a8 plans on 2 sheets :$bhand col. ;$c41 x 20 cm or smaller
=336  \\$acartographic image$2rdacontent
=337  \\$aunmediated$2rdamedia
=338  \\$asheet$2rdacarrier
=500  \\$aPen and ink with wash on paper with additions in pencil.
=500  \\$aDetailed plans of properties on Budge Row north produced for the Mercers' Company's property survey carried out in the 18th century, when the Company was facing financial difficulties. Related to two volumes of series of plans in the same style dated approximately 1740?-1792, and approximately 1821-1833 hold by the Mercers' Company's Archive.
=500  \\$aWith references to pages in 'the Book' - probably the volume from which the plans were produced. Prick-marks indicate transference of plans details. Probably working copies with amendments and annotations.
=500  \\$aPremises labelled for reference with measurements given.
=505  00$t[1 Plan of property on Budge Row north occupied by M. Harding (amended in pencil to Slater). With annotation; 'Drawd 2 more of this sort for the Comp. Mr Jno Slater tennant Aug 23-1734'] --$t[2 Undated plan of property on Budge Row north occupied by Mr. Sandiforth. With annotation 'This plan belongs to the Mercers Comp'] --$t[3 Undated plan of property on Budge Row north occupied by Mr Brownsword. With annotation 'This plan belongs to the Mercers Company'] --$t[4 Plan of property on Budge Row north occupied by Josiah Colebrook, dated Janry 1761] /$rW.R. --$t[5 Plan of property on Budge Row north occupied by Rogres & Soly, dated Decr. 1764] --$t[6 Plan of property No. 12 on Budge Row north occupied by William Caldwall, dated Feby. 1772] --$t[7 Plan of property No. 11 on Budge Row north occupied by Eliss Brownsword, dated Febr. 1772. This is an updated version of plan at Crace Port. 9.120.(3.)] --$t[8 Plan of property on Budge Row north occupied by William Bill, dated May 1767].
=510  4\$aCrace, John Gregory, A catalogue of maps, plans and views of London, Westminster and Southwark collected and arranged by Frederick Crace (1878),$cno. 120, p. 58
=510  4\$aBendall, Sarah. Dictionary of land surveyors and local map-makers of Great Britain and Ireland (1997),$b1530-1850,$cno. R217, p. 439
=650  \0$aArchitectural drawing$zEngland$zLondon$vMaps$vEarly works to 1800.
=650  \0$aReal property$zEngland$zLondon$vMaps$vEarly works to 1800.
=651  \0$aCity of London (England)$vMaps$vEarly works to 1800.
=651  \0$aLondon (England)$vMaps$vEarly works to 1800.
=655  \7$aEarly maps.$2fast$0(OCoLC)fst01752681
=700  1\$aCrace, Frederick,$d1779-1859,$eformer owner.
=700  1\$aCrace, John Gregory,$d1809-1889,$edonor.
=700  1\$aRobinson, William,$dactive 1748-1767,$esurveyor.
=710  2\$aMercers' Company (London, England),$esponsoring body.
=852  41$aBritish Library$bMAPS$jMaps Crace Port. 9.120.(1-8)
=856  41$3Copy at Maps Crace Port. 9.120.(1-8)$uhttp://www.bl.uk/onlinegallery/onlineex/crace/other/007zzz000000009u001200a0.html$yDigitised map
=985  \\$aRecord amended for WR1606-1727
=985  \\$aUpdated by MS generated file for WR2302-017
=CAT  \\$a12842$b40$c20121203$lBLL01$h1514
=CAT  \\$a12842$b40$c20121203$lBLL01$h1522
=CAT  \\$aWR13.117$c20130718$lBLL01$h1854
=CAT  \\$a12842$b40$c20131015$lBLL01$h1458
=CAT  \\$a8962$b40$c20131111$lBLL01$h1458
=CAT  \\$a12842$b40$c20140318$lBLL01$h1745
=CAT  \\$aW1606-1727$c20160825$lBLL01$h1743
=CAT  \\$aW2302-0174$c20230223$lBLL01$h1959
=FIN  \\$aY$d20121203
=FMT  \\$a  MP
=LAS  \\$aW2302-0174$b00$c20230223$lBLL01$h1959

