=LDR  03174cfm a2200577 i 4500
=001  016224119
=003  Uk
=005  20230929163007.0
=007  aj\canzn
=008  121203m17581777enk||||||\a\\\\\0\\\eng|\
=034  0\$aa$dW0000548$eW0000522$fN0513059$gN0513052
=040  \\$aUk$beng$cUk$dUk$erda
=042  \\$aukblsr
=082  04$a912.4212$223
=100  1\$aCrace, Frederick,$d1779-1859,$ecompiler.
=245  13$a[A collection of three plans of properties on Cateaton Street].
=255  \\$aScales differ$c(W 0°05'48"--W 0°05'22"/N 51°30'59"--N 51°30'52").
=264  \0$a[London] :$b[Mercers' Company],$c1758-1777.
=300  \\$a3 maps on 1 sheet :$bcolour ;$c32 x 20 cm or smaller
=336  \\$acartographic image$2rdacontent
=337  \\$aunmediated$2rdamedia
=338  \\$asheet$2rdacarrier
=500  \\$aPen and ink with wash on paper.
=500  \\$aDetailed plans of properties on Cateaton Street (now Gresham Street) produced for the Mercers' Company's property survey carried out in the 18th century, when the Company was facing financial difficulties. Related to two volumes of series of plans in the same style dated approximately 1740?-1792, and approximately 1821-1833 held by the Mercers' Company's Archive.
=500  \\$aPrick-marks indicate transference of plans details. Probably working copies with amendments and annotations.
=500  \\$aPremises labelled for reference with tenants' names and measurements reported.
=505  00$t[1 Plan of property on Cateaton Street dated 13th & 14th Feb.ry 1758] --$t[2 Plan of Paul's Head Tavern dated Jany 1777] --$t[3 Plan of property occupied by Wedgewood & Bliss dated Sep.r 1765].
=510  4\$aCrace, John Gregory, A catalogue of maps, plans and views of London, Westminster and Southwark collected and arranged by Frederick Crace (1878),$cnumber 122, page 58
=650  \0$aArchitectural drawing$zEngland$zLondon$vMaps$vEarly works to 1800.
=650  \0$aReal property$zEngland$zLondon$vMaps$vEarly works to 1800.
=651  \0$aCity of London (England)$vMaps$vEarly works to 1800.
=651  \0$aLondon (England)$vMaps$vEarly works to 1800.
=655  \7$aEarly maps.$2fast$0(OCoLC)fst01752681
=700  1\$aCrace, Frederick,$d1779-1859,$eformer owner.
=700  1\$aCrace, John Gregory,$d1809-1889,$edonor.
=710  2\$aMercers' Company (London, England),$esponsoring body.
=852  41$aBritish Library$bMAPS$jMaps Crace Port. 9.122.(1-3)
=856  41$3Copy at Maps Crace Port. 9.122.(1-3)$uhttp://www.bl.uk/onlinegallery/onlineex/crace/p/007zzz000000009u001220a0.html$yDigitised map
=985  \\$aRecord amended for WR1606-1727
=985  \\$aUpdated by MS generated file for WR2302-017
=CAT  \\$a12842$b40$c20121203$lBLL01$h1708
=CAT  \\$a12842$b40$c20130617$lBLL01$h1451
=CAT  \\$a12842$b40$c20130617$lBLL01$h1504
=CAT  \\$aWR13.117$c20130718$lBLL01$h1854
=CAT  \\$a12842$b40$c20131015$lBLL01$h1654
=CAT  \\$aW1606-1727$c20160825$lBLL01$h1742
=CAT  \\$aW2302-0174$c20230223$lBLL01$h1959
=CAT  \\$a12842$b40$c20230929$lBLL01$h1630
=FIN  \\$aY$d20121203
=FMT  \\$a  MP
=LAS  \\$a12842$b40$c20230929$lBLL01$h1630

